day;timestamp;product;bid_price_1;bid_volume_1;bid_price_2;bid_volume_2;bid_price_3;bid_volume_3;ask_price_1;ask_volume_1;ask_price_2;ask_volume_2;ask_price_3;ask_volume_3;mid_price;profit_and_loss
0;0;AMETHYSTS;9998;9;9995;23;;;10005;23;;;;;10001.5;0.0
0;0;STARFRUIT;5036;23;;;;;5043;23;;;;;5039.5;0.0
0;100;AMETHYSTS;10002;1;10000;2;9998;4;10004;1;10005;21;;;10003.0;0.0
0;100;STARFRUIT;5042;1;5039;2;5037;1;5043;22;;;;;5042.5;0.0
0;200;AMETHYSTS;9996;1;9995;21;;;10004;1;10005;21;;;10000.0;2.0
0;200;STARFRUIT;5037;1;5036;21;;;5043;1;5044;21;;;5040.0;0.0
0;300;STARFRUIT;5042;1;5037;26;;;5044;26;;;;;5043.0;0.0
0;300;AMETHYSTS;9995;26;;;;;10005;26;;;;;10000.0;5.0
0;400;AMETHYSTS;9998;8;9996;2;9995;26;10004;2;10005;26;;;10001.0;5.0
0;400;STARFRUIT;5037;28;;;;;5044;28;;;;;5040.5;-15.5703125
0;500;AMETHYSTS;9998;8;9996;1;9995;23;10004;1;10005;23;;;10001.0;5.0
0;500;STARFRUIT;5037;24;;;;;5042;3;5044;24;;;5039.5;-13.18359375
0;600;AMETHYSTS;9996;2;9995;28;;;10004;2;10005;28;;;10000.0;5.0
0;600;STARFRUIT;5041;5;5037;30;;;5044;30;;;;;5042.5;-15.1796875
0;700;STARFRUIT;5036;22;;;;;5043;23;;;;;5039.5;-15.64453125
0;700;AMETHYSTS;9996;1;9995;22;;;10004;1;10005;22;;;10000.0;5.0
0;800;AMETHYSTS;9996;1;9995;24;;;10000;3;10004;1;10005;24;9998.0;5.0
0;800;STARFRUIT;5036;25;;;;;5039;3;5043;25;;;5037.5;-17.693359375
0;900;AMETHYSTS;9996;1;9995;20;;;9998;11;10004;1;10005;20;9997.0;8.0
0;900;STARFRUIT;5036;21;;;;;5043;21;;;;;5039.5;-17.39453125
0;1000;AMETHYSTS;9996;1;9995;30;;;10004;1;10005;30;;;10000.0;30.0
0;1000;STARFRUIT;5037;1;5036;30;;;5043;31;;;;;5040.0;-16.109375
0;1100;STARFRUIT;5037;22;;;;;5043;1;5044;21;;;5040.0;-14.392578125
0;1100;AMETHYSTS;9996;1;9995;21;;;10002;6;10004;1;10005;21;9999.0;30.0
0;1200;AMETHYSTS;9996;1;9995;22;;;10004;1;10005;22;;;10000.0;30.0
0;1200;STARFRUIT;5036;23;;;;;5037;1;5043;23;;;5036.5;-16.7578125
0;1300;AMETHYSTS;10002;1;9995;25;;;10005;25;;;;;10003.5;30.0
0;1300;STARFRUIT;5036;25;;;;;5043;25;;;;;5039.5;-43.828125
0;1400;AMETHYSTS;9995;23;;;;;10000;6;10005;23;;;9997.5;32.0
0;1400;STARFRUIT;5036;23;;;;;5039;6;5043;23;;;5037.5;-45.0
0;1500;STARFRUIT;5041;1;5036;21;;;5043;21;;;;;5042.0;-47.7734375
0;1500;AMETHYSTS;9996;1;9995;20;;;9998;4;10004;1;10005;20;9997.0;32.0
0;1600;AMETHYSTS;9996;2;9995;28;;;10004;2;10005;28;;;10000.0;40.0
0;1600;STARFRUIT;5037;30;;;;;5043;2;5044;28;;;5040.0;-108.4375
0;1700;AMETHYSTS;9995;28;;;;;10005;28;;;;;10000.0;40.0
0;1700;STARFRUIT;5036;28;;;;;5041;8;5043;28;;;5038.5;-111.7109375
0;1800;AMETHYSTS;10000;4;9995;23;;;10002;10;10005;23;;;10001.0;40.0
0;1800;STARFRUIT;5040;4;5036;23;;;5044;23;;;;;5042.0;-109.96875
0;1900;STARFRUIT;5036;31;;;;;5043;32;;;;;5039.5;-117.0546875
0;1900;AMETHYSTS;9996;2;9995;30;;;10004;2;10005;30;;;10000.0;40.0
0;2000;AMETHYSTS;9996;2;9995;21;;;10004;2;10005;21;;;10000.0;40.0
0;2000;STARFRUIT;5036;23;;;;;5043;23;;;;;5039.5;-116.4296875
0;2100;AMETHYSTS;9996;2;9995;26;;;10004;2;10005;26;;;10000.0;40.0
0;2100;STARFRUIT;5036;28;;;;;5041;5;5043;28;;;5038.5;-115.9453125
0;2200;AMETHYSTS;9996;1;9995;20;;;9998;4;10004;1;10005;20;9997.0;40.0
0;2200;STARFRUIT;5037;4;5036;21;;;5043;21;;;;;5040.0;-116.7890625
0;2300;STARFRUIT;5038;5;5037;24;;;5043;2;5044;22;;;5040.5;-108.7109375
0;2300;AMETHYSTS;9996;2;9995;22;;;10004;2;10005;22;;;10000.0;48.0
0;2400;AMETHYSTS;9996;2;9995;20;;;10004;2;10005;20;;;10000.0;48.0
0;2400;STARFRUIT;5037;22;;;;;5043;2;5044;20;;;5040.0;-108.76953125
0;2500;AMETHYSTS;9998;3;9996;2;9995;21;10004;2;10005;21;;;10001.0;48.0
0;2500;STARFRUIT;5036;23;;;;;5043;23;;;;;5039.5;-115.41015625
0;2600;AMETHYSTS;10002;1;9996;1;9995;29;10004;1;10005;29;;;10003.0;48.0
0;2600;STARFRUIT;5035;30;;;;;5042;30;;;;;5038.5;-127.0078125
0;2700;STARFRUIT;5036;7;5035;23;;;5041;2;5042;21;;;5038.5;-128.734375
0;2700;AMETHYSTS;9998;7;9996;2;9995;21;10004;2;10005;21;;;10001.0;50.0
0;2800;AMETHYSTS;9995;27;;;;;10005;27;;;;;10000.0;50.0
0;2800;STARFRUIT;5035;27;;;;;5042;27;;;;;5038.5;-124.1796875
0;2900;AMETHYSTS;9996;2;9995;20;;;10004;2;10005;20;;;10000.0;50.0
0;2900;STARFRUIT;5035;22;;;;;5042;22;;;;;5038.5;-125.421875
0;3000;AMETHYSTS;9996;1;9995;29;;;10004;1;10005;29;;;10000.0;50.0
0;3000;STARFRUIT;5040;1;5035;6;5034;29;5041;30;;;;;5040.5;-132.14453125
0;3100;STARFRUIT;5035;1;5034;27;;;5041;28;;;;;5038.0;-131.33203125
0;3100;AMETHYSTS;9998;5;9996;1;9995;27;10004;1;10005;27;;;10001.0;50.0
0;3200;STARFRUIT;5035;24;;;;;5038;5;5042;24;;;5036.5;-128.0390625
0;3200;AMETHYSTS;10002;2;9995;24;;;10005;24;;;;;10003.5;50.0
0;3300;AMETHYSTS;10002;1;9996;1;9995;24;10004;1;10005;24;;;10003.0;54.0
0;3300;STARFRUIT;5034;25;;;;;5041;25;;;;;5037.5;-133.703125
0;3400;STARFRUIT;5034;29;;;;;5041;29;;;;;5037.5;-134.0078125
0;3400;AMETHYSTS;9998;10;9996;2;9995;27;10004;2;10005;27;;;10001.0;56.0
0;3500;STARFRUIT;5034;26;;;;;5041;26;;;;;5037.5;-133.515625
0;3500;AMETHYSTS;9995;26;;;;;10002;10;10005;26;;;9998.5;56.0
0;3600;STARFRUIT;5034;27;;;;;5041;27;;;;;5037.5;-135.1953125
0;3600;AMETHYSTS;9995;27;;;;;10002;8;10005;27;;;9998.5;56.0
0;3700;AMETHYSTS;9998;3;9995;25;;;10005;25;;;;;10001.5;56.0
0;3700;STARFRUIT;5034;25;;;;;5041;25;;;;;5037.5;-131.6015625
0;3800;STARFRUIT;5034;24;;;;;5039;7;5041;24;;;5036.5;-132.87109375
0;3800;AMETHYSTS;9995;24;;;;;10005;24;;;;;10000.0;56.0
0;3900;STARFRUIT;5035;1;5034;26;;;5040;2;5041;24;;;5037.5;-138.453125
0;3900;AMETHYSTS;9996;2;9995;24;;;10004;2;10005;24;;;10000.0;56.0
0;4000;STARFRUIT;5034;30;;;;;5041;31;;;;;5037.5;-135.9921875
0;4000;AMETHYSTS;10002;1;9996;1;9995;30;10004;1;10005;30;;;10003.0;56.0
0;4100;AMETHYSTS;10000;5;9996;2;9995;22;10002;4;10004;2;10005;22;10001.0;58.0
0;4100;STARFRUIT;5037;5;5035;2;5034;22;5041;24;;;;;5039.0;-130.28125
0;4200;STARFRUIT;5034;29;;;;;5039;7;5041;29;;;5036.5;-136.26953125
0;4200;AMETHYSTS;10002;5;9996;1;9995;28;10004;1;10005;28;;;10003.0;58.0
0;4300;STARFRUIT;5034;26;;;;;5036;2;5041;26;;;5035.0;-130.328125
0;4300;AMETHYSTS;9995;26;;;;;10002;8;10005;26;;;9998.5;68.0
0;4400;STARFRUIT;5035;28;;;;;5042;28;;;;;5038.5;-195.5
0;4400;AMETHYSTS;9995;28;;;;;10005;28;;;;;10000.0;68.0
0;4500;AMETHYSTS;9995;26;;;;;10005;26;;;;;10000.0;68.0
0;4500;STARFRUIT;5035;26;;;;;5040;8;5042;26;;;5037.5;-195.7421875
0;4600;STARFRUIT;5035;21;;;;;5040;3;5042;21;;;5037.5;-193.53125
0;4600;AMETHYSTS;9995;21;;;;;10005;21;;;;;10000.0;68.0
0;4700;STARFRUIT;5034;26;;;;;5041;26;;;;;5037.5;-177.8125
0;4700;AMETHYSTS;9998;5;9995;26;;;10005;26;;;;;10001.5;68.0
0;4800;STARFRUIT;5039;1;5035;7;5034;23;5041;23;;;;;5040.0;-178.6875
0;4800;AMETHYSTS;9996;1;9995;22;;;10004;1;10005;22;;;10000.0;68.0
0;4900;AMETHYSTS;9996;2;9995;22;;;10004;2;10005;22;;;10000.0;68.0
0;4900;STARFRUIT;5033;24;;;;;5038;6;5040;24;;;5035.5;-162.90625
0;5000;STARFRUIT;5033;6;5032;30;;;5039;31;;;;;5036.0;-147.8515625
0;5000;AMETHYSTS;9998;9;9996;1;9995;30;10004;1;10005;30;;;10001.0;68.0
0;5100;STARFRUIT;5032;26;;;;;5039;26;;;;;5035.5;-146.9375
0;5100;AMETHYSTS;9995;26;;;;;10005;26;;;;;10000.0;68.0
0;5200;STARFRUIT;5035;5;5033;8;5032;23;5039;25;;;;;5037.0;-146.453125
0;5200;AMETHYSTS;10000;5;9998;7;9996;2;10004;2;10005;23;;;10002.0;68.0
0;5300;AMETHYSTS;9995;22;;;;;9998;12;10005;22;;;9996.5;68.0
0;5300;STARFRUIT;5032;22;;;;;5039;22;;;;;5035.5;-144.7265625
0;5400;STARFRUIT;5032;30;;;;;5039;30;;;;;5035.5;-147.234375
0;5400;AMETHYSTS;9995;30;;;;;10005;30;;;;;10000.0;92.0
0;5500;AMETHYSTS;9996;1;9995;28;;;10004;1;10005;28;;;10000.0;96.0
0;5500;STARFRUIT;5032;29;;;;;5033;8;5039;29;;;5032.5;-144.5625
0;5600;AMETHYSTS;9998;2;9996;2;9995;23;10004;2;10005;23;;;10001.0;102.0
0;5600;STARFRUIT;5032;25;;;;;5038;2;5039;23;;;5035.0;-161.28125
0;5700;AMETHYSTS;9996;1;9995;30;;;10004;1;10005;30;;;10000.0;102.0
0;5700;STARFRUIT;5032;3;5031;31;;;5038;31;;;;;5035.0;-149.796875
0;5800;STARFRUIT;5031;30;;;;;5038;30;;;;;5034.5;-152.953125
0;5800;AMETHYSTS;9996;2;9995;28;;;10004;2;10005;28;;;10000.0;102.0
0;5900;AMETHYSTS;9996;2;9995;21;;;10004;2;10005;21;;;10000.0;102.0
0;5900;STARFRUIT;5031;23;;;;;5038;23;;;;;5034.5;-155.28125
0;6000;AMETHYSTS;9995;30;;;;;10002;10;10005;30;;;9998.5;102.0
0;6000;STARFRUIT;5031;30;;;;;5038;30;;;;;5034.5;-153.2109375
0;6100;AMETHYSTS;9996;1;9995;24;;;10004;1;10005;24;;;10000.0;102.0
0;6100;STARFRUIT;5031;25;;;;;5037;1;5038;24;;;5034.0;-141.640625
0;6200;STARFRUIT;5036;1;5031;30;;;5038;30;;;;;5037.0;-144.9375
0;6200;AMETHYSTS;9998;3;9996;1;9995;29;10004;1;10005;29;;;10001.0;102.0
0;6300;AMETHYSTS;9995;22;;;;;10005;22;;;;;10000.0;102.0
0;6300;STARFRUIT;5030;22;;;;;5037;22;;;;;5033.5;-193.71875
0;6400;AMETHYSTS;9996;1;9995;23;;;10002;6;10004;1;10005;23;9999.0;102.0
0;6400;STARFRUIT;5030;24;;;;;5036;1;5037;23;;;5033.0;-167.14697265625
0;6500;AMETHYSTS;9995;22;;;;;10005;22;;;;;10000.0;102.0
0;6500;STARFRUIT;5029;22;;;;;5036;22;;;;;5032.5;-166.97265625
0;6600;STARFRUIT;5030;29;;;;;5031;7;5036;2;5037;27;5030.5;-167.1689453125
0;6600;AMETHYSTS;9996;2;9995;27;;;10004;2;10005;27;;;10000.0;102.0
0;6700;AMETHYSTS;9996;1;9995;30;;;10004;1;10005;30;;;10000.0;102.0
0;6700;STARFRUIT;5030;1;5029;30;;;5034;7;5036;31;;;5032.0;-192.9609375
0;6800;AMETHYSTS;10000;5;9996;2;9995;29;10004;2;10005;29;;;10002.0;105.0
0;6800;STARFRUIT;5033;4;5030;31;;;5037;31;;;;;5035.0;-201.296875
0;6900;AMETHYSTS;9996;2;9995;27;;;10004;2;10005;27;;;10000.0;105.0
0;6900;STARFRUIT;5030;29;;;;;5035;3;5037;29;;;5032.5;-202.15625
0;7000;STARFRUIT;5030;8;5029;30;;;5036;31;;;;;5033.0;-190.828125
0;7000;AMETHYSTS;9996;1;9995;30;;;10004;1;10005;30;;;10000.0;105.0
0;7100;AMETHYSTS;9996;1;9995;30;;;9998;5;10002;7;10004;1;9997.0;105.0
0;7100;STARFRUIT;5030;1;5029;30;;;5036;31;;;;;5033.0;-191.09375
0;7200;AMETHYSTS;9996;1;9995;22;;;10002;1;10004;1;10005;22;9999.0;115.0
0;7200;STARFRUIT;5031;6;5030;23;;;5036;1;5037;22;;;5033.5;-198.6328125
0;7300;AMETHYSTS;9996;1;9995;25;;;10004;1;10005;25;;;10000.0;136.0
0;7300;STARFRUIT;5030;26;;;;;5036;1;5037;25;;;5033.0;-195.859375
0;7400;STARFRUIT;5030;22;;;;;5037;22;;;;;5033.5;-198.8203125
0;7400;AMETHYSTS;10002;1;9995;22;;;10005;22;;;;;10003.5;136.0
0;7500;AMETHYSTS;9995;29;;;;;10005;29;;;;;10000.0;138.0
0;7500;STARFRUIT;5030;29;;;;;5035;3;5037;29;;;5032.5;-211.640625
0;7600;AMETHYSTS;10002;1;9995;27;;;10005;27;;;;;10003.5;138.0
0;7600;STARFRUIT;5031;27;;;;;5038;27;;;;;5034.5;-220.609375
0;7700;STARFRUIT;5030;26;;;;;5037;26;;;;;5033.5;-209.390625
0;7700;AMETHYSTS;9996;1;9995;25;;;10002;5;10004;1;10005;25;9999.0;140.0
0;7800;AMETHYSTS;9995;23;;;;;10005;23;;;;;10000.0;140.0
0;7800;STARFRUIT;5031;1;5030;23;;;5037;23;;;;;5034.0;-209.90625
0;7900;AMETHYSTS;9996;2;9995;22;;;10002;7;10004;2;10005;22;9999.0;140.0
0;7900;STARFRUIT;5030;24;;;;;5037;24;;;;;5033.5;-203.9375
0;8000;AMETHYSTS;10000;3;9996;2;9995;28;10004;2;10005;28;;;10002.0;140.0
0;8000;STARFRUIT;5036;1;5033;3;5031;2;5037;30;;;;;5036.5;-213.3125
0;8100;STARFRUIT;5030;25;;;;;5037;25;;;;;5033.5;-265.76171875
0;8100;AMETHYSTS;9995;25;;;;;10005;25;;;;;10000.0;140.0
0;8200;AMETHYSTS;9996;2;9995;25;;;10004;2;10005;25;;;10000.0;140.0
0;8200;STARFRUIT;5030;27;;;;;5037;27;;;;;5033.5;-267.6875
0;8300;AMETHYSTS;9998;9;9995;28;;;10005;28;;;;;10001.5;143.0
0;8300;STARFRUIT;5030;28;;;;;5037;28;;;;;5033.5;-266.3125
0;8400;AMETHYSTS;9998;5;9995;29;;;10005;29;;;;;10001.5;143.0
0;8400;STARFRUIT;5031;29;;;;;5038;29;;;;;5034.5;-262.9453125
0;8500;STARFRUIT;5032;8;5031;27;;;5037;2;5038;25;;;5034.5;-263.87109375
0;8500;AMETHYSTS;9996;2;9995;25;;;10004;2;10005;25;;;10000.0;143.0
0;8600;AMETHYSTS;9996;2;9995;27;;;10004;2;10005;27;;;10000.0;143.0
0;8600;STARFRUIT;5031;29;;;;;5037;2;5038;27;;;5034.0;-264.7109375
0;8700;AMETHYSTS;9996;2;9995;22;;;10004;2;10005;22;;;10000.0;143.0
0;8700;STARFRUIT;5035;1;5031;8;5030;24;5037;24;;;;;5036.0;-271.4375
0;8800;AMETHYSTS;9996;1;9995;30;;;10004;1;10005;30;;;10000.0;143.0
0;8800;STARFRUIT;5030;31;;;;;5037;31;;;;;5033.5;-270.078125
0;8900;STARFRUIT;5031;2;5030;26;;;5037;26;;;;;5034.0;-272.2421875
0;8900;AMETHYSTS;9995;26;;;;;10005;26;;;;;10000.0;143.0
0;9000;AMETHYSTS;9995;23;;;;;10005;23;;;;;10000.0;143.0
0;9000;STARFRUIT;5030;23;;;;;5037;23;;;;;5033.5;-273.2734375
0;9100;AMETHYSTS;9995;22;;;;;9998;1;10005;22;;;9996.5;143.0
0;9100;STARFRUIT;5030;5;5029;22;;;5036;22;;;;;5033.0;-276.296875
0;9200;AMETHYSTS;9996;2;9995;25;;;10004;2;10005;25;;;10000.0;145.0
0;9200;STARFRUIT;5030;5;5029;25;;;5036;27;;;;;5033.0;-275.359375
0;9300;STARFRUIT;5030;1;5029;29;;;5036;30;;;;;5033.0;-275.7890625
0;9300;AMETHYSTS;10002;11;9998;1;9996;1;10004;1;10005;29;;;10003.0;145.0
0;9400;AMETHYSTS;10002;1;9996;2;9995;28;10004;2;10005;28;;;10003.0;167.0
0;9400;STARFRUIT;5031;3;5030;30;;;5036;2;5037;28;;;5033.5;-272.734375
0;9500;AMETHYSTS;10002;1;9996;2;9995;24;10004;2;10005;24;;;10003.0;169.0
0;9500;STARFRUIT;5030;2;5029;24;;;5036;26;;;;;5033.0;-276.17578125
0;9600;AMETHYSTS;9996;1;9995;20;;;10002;6;10004;1;10005;20;9999.0;171.0
0;9600;STARFRUIT;5029;21;;;;;5036;21;;;;;5032.5;-278.3046875
0;9700;STARFRUIT;5029;31;;;;;5032;5;5034;5;5036;31;5030.5;-279.31640625
0;9700;AMETHYSTS;9996;1;9995;30;;;10000;4;10004;1;10005;30;9998.0;171.0
0;9800;AMETHYSTS;9998;1;9996;2;9995;24;10004;2;10005;24;;;10001.0;171.0
0;9800;STARFRUIT;5029;26;;;;;5036;26;;;;;5032.5;-279.52734375
0;9900;AMETHYSTS;9995;24;;;;;10005;24;;;;;10000.0;171.0
0;9900;STARFRUIT;5029;24;;;;;5036;24;;;;;5032.5;-281.4453125
0;10000;AMETHYSTS;9995;27;;;;;10005;27;;;;;10000.0;171.0
0;10000;STARFRUIT;5029;27;;;;;5036;27;;;;;5032.5;-281.390625
0;10100;STARFRUIT;5028;21;;;;;5033;5;5035;21;;;5030.5;-287.671875
0;10100;AMETHYSTS;10002;4;9996;1;9995;20;10004;1;10005;20;;;10003.0;171.0
0;10200;AMETHYSTS;9995;20;;;;;10005;20;;;;;10000.0;179.0
0;10200;STARFRUIT;5028;20;;;;;5035;20;;;;;5031.5;-287.42578125
0;10300;AMETHYSTS;9996;1;9995;24;;;10004;1;10005;24;;;10000.0;179.0
0;10300;STARFRUIT;5030;5;5029;25;;;5035;1;5036;24;;;5032.5;-284.33984375
0;10400;AMETHYSTS;9995;25;;;;;10005;25;;;;;10000.0;182.0
0;10400;STARFRUIT;5029;25;;;;;5036;25;;;;;5032.5;-281.87890625
0;10500;STARFRUIT;5030;8;5029;26;;;5037;26;;;;;5033.5;-274.0546875
0;10500;AMETHYSTS;9995;26;;;;;10005;26;;;;;10000.0;182.0
0;10600;AMETHYSTS;9995;20;;;;;10005;20;;;;;10000.0;182.0
0;10600;STARFRUIT;5034;3;5029;20;;;5036;20;;;;;5035.0;-278.69921875
0;10700;AMETHYSTS;9995;24;;;;;9998;3;10005;24;;;9996.5;182.0
0;10700;STARFRUIT;5030;7;5029;24;;;5036;24;;;;;5033.0;-282.796875
0;10800;AMETHYSTS;9995;23;;;;;10002;1;10005;23;;;9998.5;188.0
0;10800;STARFRUIT;5030;6;5029;23;;;5036;23;;;;;5033.0;-282.37109375
0;10900;STARFRUIT;5029;1;5028;22;;;5031;6;5035;23;;;5030.0;-282.640625
0;10900;AMETHYSTS;9996;1;9995;22;;;10000;6;10004;1;10005;22;9998.0;188.0
0;11000;AMETHYSTS;9996;1;9995;26;;;10004;1;10005;26;;;10000.0;188.0
0;11000;STARFRUIT;5028;27;;;;;5033;2;5035;27;;;5030.5;-291.2890625
0;11100;AMETHYSTS;9996;1;9995;30;;;10002;1;10004;1;10005;30;9999.0;188.0
0;11100;STARFRUIT;5029;1;5028;31;;;5034;1;5035;30;;;5031.5;-292.3828125
0;11200;AMETHYSTS;9996;2;9995;28;;;10004;2;10005;28;;;10000.0;188.0
0;11200;STARFRUIT;5028;2;5027;28;;;5032;5;5034;30;;;5030.0;-295.9375
0;11300;STARFRUIT;5027;27;;;;;5034;27;;;;;5030.5;-298.3203125
0;11300;AMETHYSTS;9996;2;9995;25;;;10002;2;10004;2;10005;25;9999.0;188.0
0;11400;AMETHYSTS;9995;30;;;;;10005;30;;;;;10000.0;188.0
0;11400;STARFRUIT;5027;30;;;;;5034;30;;;;;5030.5;-300.34375
0;11500;AMETHYSTS;9996;1;9995;28;;;10004;1;10005;28;;;10000.0;188.0
0;11500;STARFRUIT;5027;29;;;;;5032;5;5034;29;;;5029.5;-296.6328125
0;11600;AMETHYSTS;9996;2;9995;22;;;10004;2;10005;22;;;10000.0;188.0
0;11600;STARFRUIT;5027;24;;;;;5032;7;5034;24;;;5029.5;-297.8515625
0;11700;STARFRUIT;5029;4;5027;2;5026;20;5033;22;;;;;5031.0;-304.65234375
0;11700;AMETHYSTS;10000;4;9996;2;9995;20;10004;2;10005;20;;;10002.0;188.0
0;11800;AMETHYSTS;9998;10;9996;1;9995;21;10004;1;10005;21;;;10001.0;188.0
0;11800;STARFRUIT;5026;22;;;;;5033;22;;;;;5029.5;-307.6796875
0;11900;AMETHYSTS;10002;1;10000;4;9998;1;10004;1;10005;22;;;10003.0;188.0
0;11900;STARFRUIT;5028;4;5026;1;5025;22;5032;23;;;;;5030.0;-314.10546875
0;12000;STARFRUIT;5025;28;;;;;5032;28;;;;;5028.5;-317.609375
0;12000;AMETHYSTS;9996;1;9995;27;;;10004;1;10005;27;;;10000.0;190.0
0;12100;STARFRUIT;5026;2;5025;23;;;5032;25;;;;;5029.0;-313.375
0;12100;AMETHYSTS;9996;2;9995;23;;;9998;8;10004;2;10005;23;9997.0;190.0
0;12200;STARFRUIT;5025;25;;;;;5032;25;;;;;5028.5;-314.4921875
0;12200;AMETHYSTS;9996;2;9995;23;;;10004;2;10005;23;;;10000.0;206.0
0;12300;AMETHYSTS;9996;1;9995;24;;;10002;3;10004;1;10005;24;9999.0;206.0
0;12300;STARFRUIT;5026;5;5025;24;;;5032;25;;;;;5029.0;-313.109375
0;12400;STARFRUIT;5026;29;;;;;5033;29;;;;;5029.5;-309.984375
0;12400;AMETHYSTS;10002;1;9998;5;9995;29;10005;29;;;;;10003.5;206.0
0;12500;STARFRUIT;5029;3;5026;23;;;5033;23;;;;;5031.0;-308.796875
0;12500;AMETHYSTS;10000;3;9996;1;9995;22;10004;1;10005;22;;;10002.0;208.0
0;12600;STARFRUIT;5029;4;5026;26;;;5033;26;;;;;5031.0;-308.2265625
0;12600;AMETHYSTS;10000;4;9995;26;;;10005;26;;;;;10002.5;208.0
0;12700;AMETHYSTS;10002;1;9996;1;9995;27;10004;1;10005;27;;;10003.0;208.0
0;12700;STARFRUIT;5027;28;;;;;5034;28;;;;;5030.5;-299.375
0;12800;STARFRUIT;5030;4;5027;30;;;5034;30;;;;;5032.0;-297.35546875
0;12800;AMETHYSTS;10000;4;9996;2;9995;28;10002;9;10004;2;10005;28;10001.0;210.0
0;12900;STARFRUIT;5027;23;;;;;5032;2;5034;23;;;5029.5;-297.625
0;12900;AMETHYSTS;9996;2;9995;21;;;10002;4;10004;2;10005;21;9999.0;210.0
0;13000;STARFRUIT;5027;32;;;;;5034;32;;;;;5030.5;-295.98046875
0;13000;AMETHYSTS;9996;2;9995;30;;;10002;2;10004;2;10005;30;9999.0;210.0
0;13100;AMETHYSTS;9995;21;;;;;10000;2;10005;21;;;9997.5;210.0
0;13100;STARFRUIT;5028;21;;;;;5031;2;5035;21;;;5029.5;-291.16015625
0;13200;STARFRUIT;5033;1;5029;7;5028;31;5035;31;;;;;5034.0;-315.0390625
0;13200;AMETHYSTS;9998;9;9996;2;9995;29;10004;2;10005;29;;;10001.0;210.0
0;13300;STARFRUIT;5028;23;;;;;5035;23;;;;;5031.5;-317.2109375
0;13300;AMETHYSTS;10002;2;9996;1;9995;22;10004;1;10005;22;;;10003.0;210.0
0;13400;STARFRUIT;5028;26;;;;;5035;26;;;;;5031.5;-317.234375
0;13400;AMETHYSTS;9995;26;;;;;10005;26;;;;;10000.0;214.0
0;13500;AMETHYSTS;9996;1;9995;24;;;10004;1;10005;24;;;10000.0;214.0
0;13500;STARFRUIT;5028;25;;;;;5035;25;;;;;5031.5;-315.18359375
0;13600;STARFRUIT;5028;26;;;;;5033;3;5035;26;;;5030.5;-317.77734375
0;13600;AMETHYSTS;9996;2;9995;24;;;10002;6;10004;2;10005;24;9999.0;214.0
0;13700;STARFRUIT;5028;28;;;;;5035;28;;;;;5031.5;-320.125
0;13700;AMETHYSTS;10002;1;9995;28;;;10005;28;;;;;10003.5;214.0
0;13800;STARFRUIT;5028;23;;;;;5035;23;;;;;5031.5;-321.359375
0;13800;AMETHYSTS;9998;1;9995;23;;;10005;23;;;;;10001.5;216.0
0;13900;AMETHYSTS;9996;1;9995;20;;;10004;1;10005;20;;;10000.0;216.0
0;13900;STARFRUIT;5029;21;;;;;5031;3;5036;21;;;5030.0;-327.734375
0;14000;STARFRUIT;5030;3;5029;28;;;5036;29;;;;;5033.0;-330.63671875
0;14000;AMETHYSTS;10002;6;9998;1;9996;1;10004;1;10005;28;;;10003.0;216.0
0;14100;STARFRUIT;5029;22;;;;;5036;22;;;;;5032.5;-327.3515625
0;14100;AMETHYSTS;9996;2;9995;20;;;10002;4;10004;2;10005;20;9999.0;228.0
0;14200;STARFRUIT;5029;21;;;;;5036;21;;;;;5032.5;-287.935546875
0;14200;AMETHYSTS;9995;21;;;;;10005;21;;;;;10000.0;228.0
0;14300;AMETHYSTS;9996;1;9995;21;;;10004;1;10005;21;;;10000.0;228.0
0;14300;STARFRUIT;5029;1;5028;21;;;5035;22;;;;;5032.0;-291.43359375
0;14400;STARFRUIT;5029;22;;;;;5036;23;;;;;5032.5;-288.427734375
0;14400;AMETHYSTS;10002;4;9996;2;9995;21;10004;2;10005;21;;;10003.0;228.0
0;14500;AMETHYSTS;9996;1;9995;28;;;10002;10;10004;1;10005;28;9999.0;236.0
0;14500;STARFRUIT;5029;29;;;;;5034;6;5036;29;;;5031.5;-283.671875
0;14600;AMETHYSTS;9996;1;9995;27;;;10004;1;10005;27;;;10000.0;236.0
0;14600;STARFRUIT;5029;1;5028;27;;;5030;3;5035;1;5036;27;5029.5;-287.12109375
0;14700;AMETHYSTS;9996;1;9995;23;;;10004;1;10005;23;;;10000.0;236.0
0;14700;STARFRUIT;5029;24;;;;;5034;2;5035;1;5036;23;5031.5;-286.5703125
0;14800;STARFRUIT;5029;1;5028;30;;;5033;3;5035;31;;;5031.0;-288.26171875
0;14800;AMETHYSTS;9996;1;9995;30;;;9998;1;10004;1;10005;30;9997.0;236.0
0;14900;AMETHYSTS;9996;1;9995;25;;;10002;1;10004;1;10005;25;9999.0;238.0
0;14900;STARFRUIT;5032;4;5028;26;;;5035;26;;;;;5033.5;-292.578125
0;15000;AMETHYSTS;9996;2;9995;25;;;10004;2;10005;25;;;10000.0;238.0
0;15000;STARFRUIT;5029;6;5028;25;;;5035;27;;;;;5032.0;-287.23046875
0;15100;AMETHYSTS;9996;1;9995;20;;;9998;1;10004;1;10005;20;9997.0;238.0
0;15100;STARFRUIT;5028;21;;;;;5035;21;;;;;5031.5;-291.734375
0;15200;STARFRUIT;5031;4;5029;4;5028;23;5035;23;;;;;5033.0;-289.984375
0;15200;AMETHYSTS;10000;4;9996;2;9995;21;10002;4;10004;2;10005;21;10001.0;240.0
0;15300;AMETHYSTS;9996;2;9995;22;;;10002;7;10004;2;10005;22;9999.0;240.0
0;15300;STARFRUIT;5028;2;5027;22;;;5033;6;5034;2;5035;22;5030.5;-294.98046875
0;15400;AMETHYSTS;9995;30;;;;;10005;30;;;;;10000.0;240.0
0;15400;STARFRUIT;5027;30;;;;;5034;30;;;;;5030.5;-296.71875
0;15500;AMETHYSTS;9995;25;;;;;9998;11;10005;25;;;9996.5;240.0
0;15500;STARFRUIT;5028;25;;;;;5035;25;;;;;5031.5;-294.76171875
0;15600;STARFRUIT;5028;23;;;;;5034;1;5035;22;;;5031.0;-294.5703125
0;15600;AMETHYSTS;9996;1;9995;22;;;10004;1;10005;22;;;10000.0;262.0
0;15700;AMETHYSTS;9996;2;9995;28;;;10004;2;10005;28;;;10000.0;262.0
0;15700;STARFRUIT;5028;30;;;;;5033;1;5034;2;5035;28;5030.5;-294.28125
0;15800;AMETHYSTS;9998;6;9996;2;9995;26;10004;2;10005;26;;;10001.0;262.0
0;15800;STARFRUIT;5029;4;5028;28;;;5035;28;;;;;5032.0;-289.1875
0;15900;AMETHYSTS;9996;1;9995;20;;;10002;8;10004;1;10005;20;9999.0;268.0
0;15900;STARFRUIT;5029;1;5028;20;;;5030;3;5035;21;;;5029.5;-283.7734375
0;16000;STARFRUIT;5029;22;;;;;5034;4;5036;22;;;5031.5;-281.4921875
0;16000;AMETHYSTS;9996;2;9995;20;;;10004;2;10005;20;;;10000.0;268.0
0;16100;AMETHYSTS;9996;1;9995;26;;;10004;1;10005;26;;;10000.0;268.0
0;16100;STARFRUIT;5029;27;;;;;5031;2;5034;8;5036;27;5030.0;-279.62109375
0;16200;AMETHYSTS;9995;27;;;;;10002;4;10005;27;;;9998.5;268.0
0;16200;STARFRUIT;5029;26;;;;;5036;27;;;;;5032.5;-306.265625
0;16300;AMETHYSTS;9996;1;9995;21;;;10004;1;10005;21;;;10000.0;268.0
0;16300;STARFRUIT;5029;22;;;;;5036;22;;;;;5032.5;-310.296875
0;16400;AMETHYSTS;9996;2;9995;25;;;10002;6;10004;2;10005;25;9999.0;274.0
0;16400;STARFRUIT;5028;27;;;;;5033;7;5035;27;;;5030.5;-300.1640625
0;16500;AMETHYSTS;9995;22;;;;;10005;22;;;;;10000.0;274.0
0;16500;STARFRUIT;5028;22;;;;;5033;1;5035;22;;;5030.5;-285.859375
0;16600;AMETHYSTS;9995;26;;;;;10005;26;;;;;10000.0;274.0
0;16600;STARFRUIT;5029;7;5028;26;;;5035;26;;;;;5032.0;-286.140625
0;16700;STARFRUIT;5028;25;;;;;5035;25;;;;;5031.5;-290.8125
0;16700;AMETHYSTS;10002;1;9998;2;9995;25;10005;25;;;;;10003.5;274.0
0;16800;AMETHYSTS;10000;2;9996;2;9995;25;10004;2;10005;25;;;10002.0;276.0
0;16800;STARFRUIT;5031;2;5028;27;;;5035;27;;;;;5033.0;-292.6640625
0;16900;AMETHYSTS;9996;2;9995;22;;;10004;2;10005;22;;;10000.0;276.0
0;16900;STARFRUIT;5028;24;;;;;5035;24;;;;;5031.5;-291.40625
0;17000;AMETHYSTS;9996;1;9995;25;;;10004;1;10005;25;;;10000.0;276.0
0;17000;STARFRUIT;5029;1;5028;26;;;5034;1;5035;25;;;5031.5;-286.1796875
0;17100;STARFRUIT;5028;1;5027;26;;;5034;27;;;;;5031.0;-282.5078125
0;17100;AMETHYSTS;9996;1;9995;26;;;10004;1;10005;26;;;10000.0;276.0
0;17200;AMETHYSTS;9996;1;9995;27;;;10004;1;10005;27;;;10000.0;276.0
0;17200;STARFRUIT;5028;5;5027;28;;;5034;28;;;;;5031.0;-270.328125
0;17300;AMETHYSTS;9996;1;9995;27;;;10004;1;10005;27;;;10000.0;276.0
0;17300;STARFRUIT;5026;28;;;;;5031;6;5032;1;5033;27;5028.5;-246.59375
0;17400;AMETHYSTS;9995;25;;;;;9998;11;10005;25;;;9996.5;276.0
0;17400;STARFRUIT;5030;3;5026;2;5025;25;5032;25;;;;;5031.0;-242.828125
0;17500;STARFRUIT;5026;28;;;;;5033;28;;;;;5029.5;-251.609375
0;17500;AMETHYSTS;9996;2;9995;26;;;10004;2;10005;26;;;10000.0;300.0
0;17600;AMETHYSTS;9996;1;9995;29;;;10004;1;10005;29;;;10000.0;300.0
0;17600;STARFRUIT;5027;3;5026;30;;;5032;1;5033;29;;;5029.5;-245.859375
0;17700;AMETHYSTS;9998;2;9995;22;;;10005;22;;;;;10001.5;300.0
0;17700;STARFRUIT;5026;22;;;;;5033;22;;;;;5029.5;-253.2109375
0;17800;AMETHYSTS;9996;2;9995;30;;;9998;3;10002;5;10004;2;9997.0;300.0
0;17800;STARFRUIT;5026;32;;;;;5031;5;5033;32;;;5028.5;-258.84375
0;17900;STARFRUIT;5032;1;5029;2;5026;21;5033;21;;;;;5032.5;-258.125
0;17900;AMETHYSTS;9995;21;;;;;9998;1;10002;3;10005;21;9996.5;306.0
0;18000;AMETHYSTS;9995;24;;;;;10005;24;;;;;10000.0;308.0
0;18000;STARFRUIT;5026;24;;;;;5033;24;;;;;5029.5;-321.265625
0;18100;AMETHYSTS;9996;2;9995;28;;;10004;2;10005;28;;;10000.0;308.0
0;18100;STARFRUIT;5026;30;;;;;5033;30;;;;;5029.5;-321.359375
0;18200;AMETHYSTS;9996;2;9995;23;;;10002;10;10004;2;10005;23;9999.0;308.0
0;18200;STARFRUIT;5027;25;;;;;5033;2;5034;23;;;5030.0;-290.5546875
0;18300;STARFRUIT;5027;20;;;;;5034;20;;;;;5030.5;-286.859375
0;18300;AMETHYSTS;9995;20;;;;;10005;20;;;;;10000.0;320.0
0;18400;AMETHYSTS;9996;1;9995;21;;;10004;1;10005;21;;;10000.0;320.0
0;18400;STARFRUIT;5032;1;5027;22;;;5033;1;5034;21;;;5032.5;-288.921875
0;18500;AMETHYSTS;9996;2;9995;21;;;10004;2;10005;21;;;10000.0;320.0
0;18500;STARFRUIT;5027;23;;;;;5029;1;5034;23;;;5028.0;-280.390625
0;18600;AMETHYSTS;9996;1;9995;21;;;10004;1;10005;21;;;10000.0;320.0
0;18600;STARFRUIT;5028;22;;;;;5029;9;5035;22;;;5028.5;-263.3125
0;18700;STARFRUIT;5028;30;;;;;5035;30;;;;;5031.5;-339.3359375
0;18700;AMETHYSTS;10002;1;9995;30;;;10005;30;;;;;10003.5;320.0
0;18800;AMETHYSTS;9995;24;;;;;10002;7;10005;24;;;9998.5;322.0
0;18800;STARFRUIT;5028;24;;;;;5035;24;;;;;5031.5;-338.4443359375
0;18900;AMETHYSTS;10002;1;9995;25;;;10005;25;;;;;10003.5;322.0
0;18900;STARFRUIT;5030;7;5029;25;;;5036;25;;;;;5033.0;-340.7880859375
0;19000;AMETHYSTS;9996;1;9995;30;;;10004;1;10005;30;;;10000.0;324.0
0;19000;STARFRUIT;5029;31;;;;;5036;31;;;;;5032.5;-341.6259765625
0;19100;STARFRUIT;5030;2;5029;21;;;5036;23;;;;;5033.0;-342.806640625
0;19100;AMETHYSTS;9996;2;9995;21;;;10004;2;10005;21;;;10000.0;324.0
0;19200;AMETHYSTS;9995;26;;;;;10002;1;10005;26;;;9998.5;324.0
0;19200;STARFRUIT;5030;26;;;;;5037;26;;;;;5033.5;-343.875
0;19300;AMETHYSTS;9996;2;9995;23;;;9998;6;10004;2;10005;23;9997.0;324.0
0;19300;STARFRUIT;5032;2;5031;23;;;5038;25;;;;;5035.0;-348.4375
0;19400;AMETHYSTS;9996;2;9995;24;;;10002;5;10004;2;10005;24;9999.0;336.0
0;19400;STARFRUIT;5032;26;;;;;5038;2;5039;24;;;5035.0;-349.333984375
0;19500;STARFRUIT;5031;23;;;;;5038;23;;;;;5034.5;-348.5576171875
0;19500;AMETHYSTS;9995;23;;;;;10005;23;;;;;10000.0;336.0
0;19600;AMETHYSTS;10002;1;9998;5;9996;1;10004;1;10005;26;;;10003.0;336.0
0;19600;STARFRUIT;5032;27;;;;;5038;1;5039;26;;;5035.0;-305.58203125
0;19700;AMETHYSTS;9996;2;9995;29;;;10004;2;10005;29;;;10000.0;338.0
0;19700;STARFRUIT;5032;31;;;;;5039;31;;;;;5035.5;-285.0
0;19800;AMETHYSTS;9996;2;9995;26;;;10004;2;10005;26;;;10000.0;338.0
0;19800;STARFRUIT;5033;2;5032;26;;;5039;28;;;;;5036.0;-285.0
0;19900;STARFRUIT;5033;1;5032;22;;;5039;23;;;;;5036.0;-285.0
0;19900;AMETHYSTS;9996;1;9995;22;;;9998;1;10004;1;10005;22;9997.0;338.0
0;20000;AMETHYSTS;9995;26;;;;;9998;1;10005;26;;;9996.5;361.0
0;20000;STARFRUIT;5032;26;;;;;5037;4;5039;26;;;5034.5;-285.0
0;20100;AMETHYSTS;9996;1;9995;29;;;9998;4;10004;1;10005;29;9997.0;363.0
0;20100;STARFRUIT;5033;30;;;;;5038;4;5039;1;5040;29;5035.5;-285.0
0;20200;AMETHYSTS;10002;1;9995;20;;;10005;20;;;;;10003.5;369.0
0;20200;STARFRUIT;5032;20;;;;;5039;20;;;;;5035.5;-285.0
0;20300;STARFRUIT;5032;24;;;;;5039;24;;;;;5035.5;-285.0
0;20300;AMETHYSTS;10002;4;9995;24;;;10005;24;;;;;10003.5;371.0
0;20400;AMETHYSTS;10002;2;9996;1;9995;27;10004;1;10005;27;;;10003.0;379.0
0;20400;STARFRUIT;5032;28;;;;;5033;3;5039;28;;;5032.5;-285.0
0;20500;AMETHYSTS;9998;7;9996;1;9995;25;10004;1;10005;25;;;10001.0;383.0
0;20500;STARFRUIT;5032;26;;;;;5033;8;5039;26;;;5032.5;-285.0
0;20600;AMETHYSTS;9996;1;9995;24;;;9998;4;10002;5;10004;1;9997.0;383.0
0;20600;STARFRUIT;5033;25;;;;;5040;25;;;;;5036.5;-370.9453125
0;20700;STARFRUIT;5038;2;5034;3;5033;30;5041;30;;;;;5039.5;-384.7578125
0;20700;AMETHYSTS;9995;30;;;;;10005;30;;;;;10000.0;391.0
0;20800;AMETHYSTS;9996;2;9995;24;;;10004;2;10005;24;;;10000.0;391.0
0;20800;STARFRUIT;5034;26;;;;;5040;2;5041;24;;;5037.0;-512.7734375
0;20900;AMETHYSTS;9996;2;9995;29;;;10004;2;10005;29;;;10000.0;391.0
0;20900;STARFRUIT;5034;31;;;;;5035;1;5041;31;;;5034.5;-504.2109375
0;21000;STARFRUIT;5034;26;;;;;5041;26;;;;;5037.5;-571.15234375
0;21000;AMETHYSTS;9996;1;9995;25;;;10004;1;10005;25;;;10000.0;391.0
0;21100;STARFRUIT;5034;28;;;;;5037;2;5041;28;;;5035.5;-568.37890625
0;21100;AMETHYSTS;9995;28;;;;;10000;2;10005;28;;;9997.5;391.0
0;21200;STARFRUIT;5040;1;5034;29;;;5041;29;;;;;5040.5;-572.30078125
0;21200;AMETHYSTS;9995;29;;;;;9998;1;10005;29;;;9996.5;391.0
0;21300;AMETHYSTS;9995;22;;;;;10005;22;;;;;10000.0;393.0
0;21300;STARFRUIT;5034;22;;;;;5040;2;5042;22;;;5037.0;-624.59375
0;21400;STARFRUIT;5035;1;5034;29;;;5041;30;;;;;5038.0;-626.9921875
0;21400;AMETHYSTS;9996;1;9995;29;;;10004;1;10005;29;;;10000.0;393.0
0;21500;STARFRUIT;5034;28;;;;;5035;5;5041;30;;;5034.5;-626.765625
0;21500;AMETHYSTS;9996;2;9995;28;;;10004;2;10005;28;;;10000.0;393.0
0;21600;STARFRUIT;5035;22;;;;;5042;22;;;;;5038.5;-739.28125
0;21600;AMETHYSTS;9998;5;9996;2;9995;20;10004;2;10005;20;;;10001.0;393.0
0;21700;AMETHYSTS;9996;2;9995;25;;;10004;2;10005;25;;;10000.0;393.0
0;21700;STARFRUIT;5035;6;5034;25;;;5041;2;5042;25;;;5038.0;-736.94921875
0;21800;STARFRUIT;5035;26;;;;;5042;26;;;;;5038.5;-742.1171875
0;21800;AMETHYSTS;9996;1;9995;25;;;10004;1;10005;25;;;10000.0;393.0
0;21900;STARFRUIT;5035;27;;;;;5042;27;;;;;5038.5;-741.79296875
0;21900;AMETHYSTS;9995;27;;;;;10002;3;10005;27;;;9998.5;393.0
0;22000;STARFRUIT;5035;22;;;;;5042;22;;;;;5038.5;-742.296875
0;22000;AMETHYSTS;9996;2;9995;20;;;10004;2;10005;20;;;10000.0;393.0
0;22100;AMETHYSTS;9995;22;;;;;10005;22;;;;;10000.0;393.0
0;22100;STARFRUIT;5035;22;;;;;5040;4;5042;22;;;5037.5;-740.1875
0;22200;STARFRUIT;5036;3;5035;23;;;5042;23;;;;;5039.0;-744.12890625
0;22200;AMETHYSTS;10002;1;9995;23;;;10005;23;;;;;10003.5;393.0
0;22300;STARFRUIT;5036;30;;;;;5043;30;;;;;5039.5;-747.796875
0;22300;AMETHYSTS;9996;2;9995;28;;;10004;2;10005;28;;;10000.0;395.0
0;22400;STARFRUIT;5036;24;;;;;5043;24;;;;;5039.5;-750.49609375
0;22400;AMETHYSTS;9996;1;9995;23;;;10002;2;10004;1;10005;23;9999.0;395.0
0;22500;AMETHYSTS;9998;2;9995;27;;;10005;27;;;;;10001.5;395.0
0;22500;STARFRUIT;5041;1;5036;27;;;5043;27;;;;;5042.0;-746.0625
0;22600;STARFRUIT;5042;1;5041;4;5037;4;5043;26;;;;;5042.5;-782.46875
0;22600;AMETHYSTS;9998;5;9996;1;9995;25;10004;1;10005;25;;;10001.0;395.0
0;22700;STARFRUIT;5036;26;;;;;5042;1;5043;25;;;5039.0;-826.90625
0;22700;AMETHYSTS;9996;1;9995;25;;;10002;9;10004;1;10005;25;9999.0;395.0
0;22800;STARFRUIT;5036;27;;;;;5043;27;;;;;5039.5;-822.8203125
0;22800;AMETHYSTS;10002;1;9996;1;9995;26;10004;1;10005;26;;;10003.0;395.0
0;22900;AMETHYSTS;10002;2;9996;1;9995;22;10004;1;10005;22;;;10003.0;403.0
0;22900;STARFRUIT;5036;23;;;;;5037;1;5041;4;5043;23;5036.5;-816.2265625
0;23000;STARFRUIT;5042;1;5037;1;5036;20;5043;21;;;;;5042.5;-900.3525390625
0;23000;AMETHYSTS;9996;1;9995;20;;;10002;2;10004;1;10005;20;9999.0;407.0
0;23100;STARFRUIT;5038;7;5037;28;;;5043;2;5044;26;;;5040.5;-900.10546875
0;23100;AMETHYSTS;9996;2;9995;26;;;10004;2;10005;26;;;10000.0;407.0
0;23200;AMETHYSTS;9996;1;9995;24;;;10002;4;10004;1;10005;24;9999.0;407.0
0;23200;STARFRUIT;5037;2;5036;24;;;5043;25;;;;;5040.0;-902.9453125
0;23300;AMETHYSTS;9996;2;9995;21;;;10004;2;10005;21;;;10000.0;407.0
0;23300;STARFRUIT;5037;2;5036;21;;;5043;2;5044;21;;;5040.0;-902.1953125
0;23400;STARFRUIT;5037;1;5036;29;;;5043;1;5044;29;;;5040.0;-902.0390625
0;23400;AMETHYSTS;9996;1;9995;29;;;10004;1;10005;29;;;10000.0;407.0
0;23500;AMETHYSTS;9996;1;9995;30;;;10004;1;10005;30;;;10000.0;407.0
0;23500;STARFRUIT;5038;3;5037;31;;;5044;31;;;;;5041.0;-896.6953125
0;23600;AMETHYSTS;9996;2;9995;25;;;10004;2;10005;25;;;10000.0;407.0
0;23600;STARFRUIT;5037;1;5036;25;;;5043;27;;;;;5040.0;-900.515625
0;23700;AMETHYSTS;9996;1;9995;20;;;10004;1;10005;20;;;10000.0;407.0
0;23700;STARFRUIT;5042;1;5037;21;;;5043;1;5044;20;;;5042.5;-899.6640625
0;23800;STARFRUIT;5037;22;;;;;5044;22;;;;;5040.5;-899.4921875
0;23800;AMETHYSTS;9995;22;;;;;10005;22;;;;;10000.0;407.0
0;23900;AMETHYSTS;9995;27;;;;;10005;27;;;;;10000.0;407.0
0;23900;STARFRUIT;5037;27;;;;;5044;27;;;;;5040.5;-899.375
0;24000;AMETHYSTS;9995;29;;;;;10005;29;;;;;10000.0;407.0
0;24000;STARFRUIT;5038;6;5037;29;;;5044;29;;;;;5041.0;-892.48046875
0;24100;AMETHYSTS;9996;2;9995;20;;;10004;2;10005;20;;;10000.0;407.0
0;24100;STARFRUIT;5037;22;;;;;5044;22;;;;;5040.5;-893.19921875
0;24200;STARFRUIT;5038;24;;;;;5043;8;5044;1;5045;23;5040.5;-888.5703125
0;24200;AMETHYSTS;9996;1;9995;23;;;10002;7;10004;1;10005;23;9999.0;407.0
0;24300;AMETHYSTS;10002;1;9995;27;;;10005;27;;;;;10003.5;407.0
0;24300;STARFRUIT;5038;26;;;;;5043;5;5045;27;;;5040.5;-889.22265625
0;24400;AMETHYSTS;9996;1;9995;28;;;10004;1;10005;28;;;10000.0;409.0
0;24400;STARFRUIT;5038;9;5037;28;;;5044;29;;;;;5041.0;-891.703125
0;24500;AMETHYSTS;9996;2;9995;24;;;10002;10;10004;2;10005;24;9999.0;409.0
0;24500;STARFRUIT;5037;26;;;;;5044;26;;;;;5040.5;-896.34375
0;24600;STARFRUIT;5038;2;5037;22;;;5044;24;;;;;5041.0;-891.83203125
0;24600;AMETHYSTS;9996;2;9995;22;;;10002;10;10004;2;10005;22;9999.0;409.0
0;24700;AMETHYSTS;9996;2;9995;20;;;10004;2;10005;20;;;10000.0;409.0
0;24700;STARFRUIT;5037;22;;;;;5044;22;;;;;5040.5;-894.6015625
0;24800;AMETHYSTS;9995;28;;;;;10005;28;;;;;10000.0;409.0
0;24800;STARFRUIT;5037;28;;;;;5044;28;;;;;5040.5;-894.609375
0;24900;AMETHYSTS;9998;7;9995;24;;;10005;24;;;;;10001.5;409.0
0;24900;STARFRUIT;5037;24;;;;;5044;24;;;;;5040.5;-896.6015625
0;25000;STARFRUIT;5037;28;;;;;5043;1;5044;27;;;5040.0;-898.6953125
0;25000;AMETHYSTS;10002;1;9996;1;9995;27;10004;1;10005;27;;;10003.0;409.0
0;25100;AMETHYSTS;9998;8;9996;1;9995;26;10004;1;10005;26;;;10001.0;411.0
0;25100;STARFRUIT;5036;27;;;;;5043;27;;;;;5039.5;-902.36328125
0;25200;AMETHYSTS;9996;2;9995;24;;;10000;4;10004;2;10005;24;9998.0;411.0
0;25200;STARFRUIT;5037;6;5036;26;;;5039;4;5043;26;;;5038.0;-902.609375
0;25300;STARFRUIT;5036;22;;;;;5042;1;5043;21;;;5039.0;-908.84765625
0;25300;AMETHYSTS;9998;9;9996;1;9995;21;10004;1;10005;21;;;10001.0;411.0
0;25400;AMETHYSTS;10002;3;9996;2;9995;27;10004;2;10005;27;;;10003.0;411.0
0;25400;STARFRUIT;5035;29;;;;;5042;29;;;;;5038.5;-912.3671875
0;25500;AMETHYSTS;9996;1;9995;23;;;10004;1;10005;23;;;10000.0;417.0
0;25500;STARFRUIT;5036;1;5035;23;;;5040;6;5042;24;;;5038.0;-911.0
0;25600;AMETHYSTS;9995;24;;;;;10005;24;;;;;10000.0;417.0
0;25600;STARFRUIT;5035;24;;;;;5040;6;5042;24;;;5037.5;-914.74609375
0;25700;STARFRUIT;5036;1;5035;24;;;5042;1;5043;24;;;5039.0;-909.86328125
0;25700;AMETHYSTS;9996;1;9995;24;;;10004;1;10005;24;;;10000.0;417.0
0;25800;AMETHYSTS;10002;1;9996;2;9995;27;10004;2;10005;27;;;10003.0;417.0
0;25800;STARFRUIT;5037;29;;;;;5043;2;5044;27;;;5040.0;-899.7421875
0;25900;AMETHYSTS;9996;2;9995;27;;;10004;2;10005;27;;;10000.0;419.0
0;25900;STARFRUIT;5037;29;;;;;5044;29;;;;;5040.5;-896.2421875
0;26000;AMETHYSTS;9995;27;;;;;10005;27;;;;;10000.0;425.0
0;26000;STARFRUIT;5042;1;5037;27;;;5044;27;;;;;5043.0;-892.37109375
0;26100;STARFRUIT;5042;1;5038;2;5037;25;5043;1;5044;24;;;5042.5;-896.7734375
0;26100;AMETHYSTS;10002;1;9998;3;9996;1;10004;1;10005;24;;;10003.0;425.0
0;26200;AMETHYSTS;10002;1;9996;2;9995;27;10004;2;10005;27;;;10003.0;427.0
0;26200;STARFRUIT;5037;29;;;;;5043;2;5044;27;;;5040.0;-899.84375
0;26300;AMETHYSTS;9996;1;9995;25;;;10002;1;10004;1;10005;25;9999.0;429.0
0;26300;STARFRUIT;5037;26;;;;;5038;1;5044;26;;;5037.5;-893.25
0;26400;AMETHYSTS;9995;27;;;;;10005;27;;;;;10000.0;429.0
0;26400;STARFRUIT;5037;27;;;;;5044;27;;;;;5040.5;-993.3828125
0;26500;STARFRUIT;5038;22;;;;;5044;1;5045;21;;;5041.0;-997.2109375
0;26500;AMETHYSTS;9996;1;9995;21;;;10004;1;10005;21;;;10000.0;429.0
0;26600;AMETHYSTS;9996;2;9995;29;;;9998;4;10004;2;10005;29;9997.0;429.0
0;26600;STARFRUIT;5037;31;;;;;5044;31;;;;;5040.5;-987.53125
0;26700;AMETHYSTS;9995;26;;;;;10005;26;;;;;10000.0;437.0
0;26700;STARFRUIT;5042;1;5038;8;5037;26;5044;26;;;;;5043.0;-985.734375
0;26800;AMETHYSTS;10002;1;9998;7;9995;20;10005;20;;;;;10003.5;437.0
0;26800;STARFRUIT;5037;20;;;;;5044;20;;;;;5040.5;-1038.0546875
0;26900;STARFRUIT;5037;22;;;;;5044;22;;;;;5040.5;-1037.1328125
0;26900;AMETHYSTS;9995;22;;;;;10005;22;;;;;10000.0;439.0
0;27000;AMETHYSTS;9998;2;9996;1;9995;26;10004;1;10005;26;;;10001.0;439.0
0;27000;STARFRUIT;5037;27;;;;;5042;6;5044;27;;;5039.5;-1040.6015625
0;27100;AMETHYSTS;9996;2;9995;27;;;9998;1;10002;10;10004;2;9997.0;439.0
0;27100;STARFRUIT;5043;1;5037;29;;;5044;29;;;;;5043.5;-1037.48046875
0;27200;AMETHYSTS;9998;3;9996;2;9995;23;10004;2;10005;23;;;10001.0;441.0
0;27200;STARFRUIT;5042;1;5038;7;5037;25;5043;2;5044;23;;;5042.5;-1039.015625
0;27300;STARFRUIT;5037;25;;;;;5038;1;5044;25;;;5037.5;-1037.5625
0;27300;AMETHYSTS;9995;25;;;;;10002;8;10005;25;;;9998.5;441.0
0;27400;AMETHYSTS;9996;1;9995;22;;;9998;3;10004;1;10005;22;9997.0;441.0
0;27400;STARFRUIT;5041;6;5039;1;5038;22;5045;23;;;;;5043.0;-1020.5234375
0;27500;AMETHYSTS;9995;30;;;;;10005;30;;;;;10000.0;447.0
0;27500;STARFRUIT;5038;30;;;;;5045;30;;;;;5041.5;-1027.59375
0;27600;AMETHYSTS;9996;2;9995;26;;;10002;4;10004;2;10005;26;9999.0;447.0
0;27600;STARFRUIT;5043;1;5039;6;5038;28;5045;28;;;;;5044.0;-1030.5078125
0;27700;STARFRUIT;5038;32;;;;;5045;32;;;;;5041.5;-1050.3125
0;27700;AMETHYSTS;9996;2;9995;30;;;10004;2;10005;30;;;10000.0;447.0
0;27800;AMETHYSTS;9998;2;9996;2;9995;20;10004;2;10005;20;;;10001.0;447.0
0;27800;STARFRUIT;5039;5;5038;22;;;5044;2;5045;20;;;5041.5;-1059.03125
0;27900;AMETHYSTS;9995;29;;;;;10005;29;;;;;10000.0;447.0
0;27900;STARFRUIT;5038;29;;;;;5043;8;5045;29;;;5040.5;-1047.0625
0;28000;AMETHYSTS;9995;22;;;;;10005;22;;;;;10000.0;447.0
0;28000;STARFRUIT;5039;4;5038;22;;;5045;22;;;;;5042.0;-1050.8203125
0;28100;STARFRUIT;5039;21;;;;;5046;21;;;;;5042.5;-1032.453125
0;28100;AMETHYSTS;9996;1;9995;20;;;10004;1;10005;20;;;10000.0;447.0
0;28200;AMETHYSTS;9995;23;;;;;10005;23;;;;;10000.0;456.0
0;28200;STARFRUIT;5039;23;;;;;5046;23;;;;;5042.5;-1033.765625
0;28300;AMETHYSTS;9996;2;9995;28;;;10004;2;10005;28;;;10000.0;456.0
0;28300;STARFRUIT;5039;30;;;;;5045;2;5046;28;;;5042.0;-1037.21875
0;28400;AMETHYSTS;9995;20;;;;;10002;8;10005;20;;;9998.5;456.0
0;28400;STARFRUIT;5039;20;;;;;5046;20;;;;;5042.5;-1034.5625
0;28500;STARFRUIT;5039;5;5038;28;;;5045;30;;;;;5042.0;-1042.6484375
0;28500;AMETHYSTS;9996;2;9995;28;;;10004;2;10005;28;;;10000.0;456.0
0;28600;AMETHYSTS;9996;2;9995;26;;;10000;5;10002;5;10004;2;9998.0;456.0
0;28600;STARFRUIT;5039;27;;;;;5042;5;5045;2;5046;26;5040.5;-1037.7421875
0;28700;AMETHYSTS;9998;8;9996;2;9995;22;10004;2;10005;22;;;10001.0;456.0
0;28700;STARFRUIT;5039;23;;;;;5045;2;5046;22;;;5042.0;-1060.0
0;28800;AMETHYSTS;9995;21;;;;;10002;8;10005;21;;;9998.5;456.0
0;28800;STARFRUIT;5038;21;;;;;5046;21;;;;;5042.0;-1060.0
0;28900;STARFRUIT;5040;1;5039;23;;;5045;1;5046;22;;;5042.5;-1060.0
0;28900;AMETHYSTS;9996;1;9995;22;;;10002;5;10004;1;10005;22;9999.0;456.0
0;29000;AMETHYSTS;10002;1;9996;2;9995;24;10004;2;10005;24;;;10003.0;456.0
0;29000;STARFRUIT;5039;26;;;;;5045;2;5046;24;;;5042.0;-1060.0
0;29100;AMETHYSTS;9995;23;;;;;10002;2;10005;23;;;9998.5;458.0
0;29100;STARFRUIT;5039;23;;;;;5046;23;;;;;5042.5;-1060.0
0;29200;AMETHYSTS;9996;1;9995;22;;;10004;1;10005;22;;;10000.0;458.0
0;29200;STARFRUIT;5040;1;5039;22;;;5046;23;;;;;5043.0;-1060.0
0;29300;STARFRUIT;5040;23;;;;;5046;1;5047;22;;;5043.0;-1060.0
0;29300;AMETHYSTS;9996;1;9995;22;;;10004;1;10005;22;;;10000.0;458.0
0;29400;AMETHYSTS;9996;2;9995;23;;;10002;4;10004;2;10005;23;9999.0;458.0
0;29400;STARFRUIT;5039;25;;;;;5046;25;;;;;5042.5;-1060.0
0;29500;AMETHYSTS;9998;6;9995;20;;;10005;20;;;;;10001.5;458.0
0;29500;STARFRUIT;5039;20;;;;;5040;1;5046;20;;;5039.5;-1060.0
0;29600;AMETHYSTS;9996;1;9995;26;;;10000;4;10004;1;10005;26;9998.0;458.0
0;29600;STARFRUIT;5040;1;5039;26;;;5042;4;5046;27;;;5041.0;-1086.2578125
0;29700;STARFRUIT;5040;23;;;;;5045;8;5046;1;5047;22;5042.5;-1090.5625
0;29700;AMETHYSTS;9996;1;9995;22;;;10002;7;10004;1;10005;22;9999.0;458.0
0;29800;STARFRUIT;5045;1;5040;4;5039;25;5047;25;;;;;5046.0;-1089.890625
0;29800;AMETHYSTS;9995;25;;;;;10005;25;;;;;10000.0;458.0
0;29900;AMETHYSTS;9996;2;9995;30;;;10004;2;10005;30;;;10000.0;478.0
0;29900;STARFRUIT;5040;32;;;;;5047;32;;;;;5043.5;-1187.0390625
0;30000;STARFRUIT;5041;6;5040;23;;;5047;25;;;;;5044.0;-1175.0
0;30000;AMETHYSTS;9998;10;9996;2;9995;23;10004;2;10005;23;;;10001.0;478.0
0;30100;STARFRUIT;5041;1;5040;20;;;5047;21;;;;;5044.0;-1175.0
0;30100;AMETHYSTS;9996;1;9995;20;;;10004;1;10005;20;;;10000.0;478.0
0;30200;STARFRUIT;5041;30;;;;;5048;30;;;;;5044.5;-1175.0
0;30200;AMETHYSTS;9996;2;9995;28;;;9998;1;10002;8;10004;2;9997.0;478.0
0;30300;AMETHYSTS;10002;4;9996;2;9995;29;10004;2;10005;29;;;10003.0;480.0
0;30300;STARFRUIT;5041;31;;;;;5046;1;5047;2;5048;29;5043.5;-1175.0
0;30400;STARFRUIT;5045;2;5040;30;;;5047;30;;;;;5046.0;-1175.0
0;30400;AMETHYSTS;9995;30;;;;;10005;30;;;;;10000.0;488.0
0;30500;STARFRUIT;5040;7;5039;28;;;5046;30;;;;;5043.0;-1175.0
0;30500;AMETHYSTS;9996;2;9995;28;;;10004;2;10005;28;;;10000.0;488.0
0;30600;STARFRUIT;5040;32;;;;;5045;7;5046;2;5047;30;5042.5;-1175.0
0;30600;AMETHYSTS;10002;1;9996;2;9995;30;10004;2;10005;30;;;10003.0;488.0
0;30700;AMETHYSTS;9996;2;9995;27;;;10004;2;10005;27;;;10000.0;490.0
0;30700;STARFRUIT;5039;29;;;;;5046;29;;;;;5042.5;-1175.0
0;30800;STARFRUIT;5039;2;5038;29;;;5045;31;;;;;5042.0;-1175.0
0;30800;AMETHYSTS;9998;8;9996;2;9995;29;10004;2;10005;29;;;10001.0;490.0
0;30900;STARFRUIT;5038;21;;;;;5043;7;5045;21;;;5040.5;-1175.0
0;30900;AMETHYSTS;9995;21;;;;;10005;21;;;;;10000.0;490.0
0;31000;STARFRUIT;5043;1;5042;5;5038;28;5045;28;;;;;5044.0;-1175.0
0;31000;AMETHYSTS;9996;2;9995;26;;;10002;2;10004;2;10005;26;9999.0;490.0
0;31100;AMETHYSTS;10002;1;9995;23;;;10005;23;;;;;10003.5;491.0
0;31100;STARFRUIT;5038;23;;;;;5039;9;5045;23;;;5038.5;-1172.4208984375
0;31200;STARFRUIT;5037;21;;;;;5042;8;5044;22;;;5039.5;-1153.884765625
0;31200;AMETHYSTS;9996;1;9995;21;;;10002;6;10004;1;10005;21;9999.0;493.0
0;31300;STARFRUIT;5038;22;;;;;5044;2;5045;20;;;5041.0;-1154.091796875
0;31300;AMETHYSTS;9996;2;9995;20;;;10004;2;10005;20;;;10000.0;500.0
0;31400;STARFRUIT;5038;22;;;;;5045;22;;;;;5041.5;-1154.396484375
0;31400;AMETHYSTS;9995;22;;;;;10005;22;;;;;10000.0;500.0
0;31500;AMETHYSTS;9996;1;9995;21;;;10004;1;10005;21;;;10000.0;500.0
0;31500;STARFRUIT;5038;22;;;;;5045;22;;;;;5041.5;-1154.4228515625
0;31600;STARFRUIT;5039;24;;;;;5046;24;;;;;5042.5;-1155.2744140625
0;31600;AMETHYSTS;9995;24;;;;;9998;3;10005;24;;;9996.5;500.0
0;31700;STARFRUIT;5038;29;;;;;5045;29;;;;;5041.5;-1154.7939453125
0;31700;AMETHYSTS;9995;29;;;;;10002;3;10005;29;;;9998.5;506.0
0;31800;STARFRUIT;5043;2;5038;24;;;5045;24;;;;;5044.0;-1154.533203125
0;31800;AMETHYSTS;9996;2;9995;22;;;10002;2;10004;2;10005;22;9999.0;518.0
0;31900;AMETHYSTS;9996;2;9995;26;;;10004;2;10005;26;;;10000.0;518.0
0;31900;STARFRUIT;5039;6;5038;28;;;5045;28;;;;;5042.0;-1154.61572265625
0;32000;STARFRUIT;5038;22;;;;;5045;22;;;;;5041.5;-1154.3349609375
0;32000;AMETHYSTS;9996;2;9995;20;;;10002;10;10004;2;10005;20;9999.0;518.0
0;32100;AMETHYSTS;9998;9;9995;25;;;10005;25;;;;;10001.5;518.0
0;32100;STARFRUIT;5037;25;;;;;5044;25;;;;;5040.5;-1153.77880859375
0;32200;AMETHYSTS;9996;1;9995;24;;;10002;5;10004;1;10005;24;9999.0;520.0
0;32200;STARFRUIT;5037;25;;;;;5044;25;;;;;5040.5;-1148.39599609375
0;32300;AMETHYSTS;10000;3;9996;2;9995;30;10004;2;10005;30;;;10002.0;520.0
0;32300;STARFRUIT;5040;3;5038;2;5037;30;5044;32;;;;;5042.0;-1148.12353515625
0;32400;STARFRUIT;5037;29;;;;;5044;29;;;;;5040.5;-1148.43359375
0;32400;AMETHYSTS;9998;2;9995;29;;;10005;29;;;;;10001.5;520.0
0;32500;AMETHYSTS;10002;1;9996;2;9995;24;10004;2;10005;24;;;10003.0;520.0
0;32500;STARFRUIT;5038;1;5037;26;;;5043;2;5044;24;;;5040.5;-1148.9580078125
0;32600;AMETHYSTS;9998;1;9996;2;9995;26;10004;2;10005;26;;;10001.0;522.0
0;32600;STARFRUIT;5037;28;;;;;5044;28;;;;;5040.5;-1134.62109375
0;32700;AMETHYSTS;9996;2;9995;30;;;10004;2;10005;30;;;10000.0;522.0
0;32700;STARFRUIT;5038;32;;;;;5044;2;5045;30;;;5041.0;-1140.08984375
0;32800;STARFRUIT;5038;29;;;;;5045;29;;;;;5041.5;-1141.06640625
0;32800;AMETHYSTS;9995;29;;;;;10005;29;;;;;10000.0;522.0
0;32900;AMETHYSTS;9996;1;9995;20;;;10002;10;10004;1;10005;20;9999.0;522.0
0;32900;STARFRUIT;5038;1;5037;20;;;5044;21;;;;;5041.0;-1137.40625
0;33000;AMETHYSTS;9998;2;9995;28;;;10005;28;;;;;10001.5;522.0
0;33000;STARFRUIT;5037;28;;;;;5042;4;5044;28;;;5039.5;-1138.609375
0;33100;AMETHYSTS;9996;1;9995;25;;;10004;1;10005;25;;;10000.0;522.0
0;33100;STARFRUIT;5037;26;;;;;5044;26;;;;;5040.5;-1136.92578125
0;33200;STARFRUIT;5038;24;;;;;5043;5;5044;1;5045;23;5040.5;-1140.55859375
0;33200;AMETHYSTS;9996;1;9995;23;;;10004;1;10005;23;;;10000.0;522.0
0;33300;AMETHYSTS;9996;1;9995;30;;;10002;1;10004;1;10005;30;9999.0;522.0
0;33300;STARFRUIT;5038;31;;;;;5045;31;;;;;5041.5;-1142.14453125
0;33400;AMETHYSTS;9995;20;;;;;10005;20;;;;;10000.0;522.0
0;33400;STARFRUIT;5037;20;;;;;5042;2;5044;20;;;5039.5;-1138.01171875
0;33500;AMETHYSTS;9996;2;9995;21;;;10002;4;10004;2;10005;21;9999.0;522.0
0;33500;STARFRUIT;5038;2;5037;21;;;5044;23;;;;;5041.0;-1138.26171875
0;33600;STARFRUIT;5037;27;;;;;5044;27;;;;;5040.5;-1132.13671875
0;33600;AMETHYSTS;9995;27;;;;;9998;2;10005;27;;;9996.5;522.0
0;33700;AMETHYSTS;9996;1;9995;25;;;10004;1;10005;25;;;10000.0;526.0
0;33700;STARFRUIT;5037;1;5036;25;;;5041;6;5043;26;;;5039.0;-1129.390625
0;33800;AMETHYSTS;9995;21;;;;;10002;4;10005;21;;;9998.5;526.0
0;33800;STARFRUIT;5036;21;;;;;5043;21;;;;;5039.5;-1125.5234375
0;33900;AMETHYSTS;9996;1;9995;27;;;10004;1;10005;27;;;10000.0;526.0
0;33900;STARFRUIT;5035;28;;;;;5042;28;;;;;5038.5;-1120.91015625
0;34000;STARFRUIT;5041;1;5036;2;5035;28;5042;30;;;;;5041.5;-1122.2421875
0;34000;AMETHYSTS;9996;2;9995;28;;;10004;2;10005;28;;;10000.0;562.0
0;34100;AMETHYSTS;9996;2;9995;25;;;10004;2;10005;25;;;10000.0;562.0
0;34100;STARFRUIT;5036;2;5035;25;;;5042;27;;;;;5039.0;-1150.9921875
0;34200;AMETHYSTS;9996;2;9995;30;;;10002;2;10004;2;10005;30;9999.0;562.0
0;34200;STARFRUIT;5036;32;;;;;5043;32;;;;;5039.5;-1141.4140625
0;34300;STARFRUIT;5036;28;;;;;5043;29;;;;;5039.5;-1144.5234375
0;34300;AMETHYSTS;9996;1;9995;28;;;10004;1;10005;28;;;10000.0;562.0
0;34400;AMETHYSTS;9996;2;9995;28;;;10004;2;10005;28;;;10000.0;562.0
0;34400;STARFRUIT;5036;30;;;;;5043;30;;;;;5039.5;-1142.9296875
0;34500;AMETHYSTS;9996;2;9995;22;;;10004;2;10005;22;;;10000.0;562.0
0;34500;STARFRUIT;5037;24;;;;;5044;24;;;;;5040.5;-1135.046875
0;34600;AMETHYSTS;9995;24;;;;;10005;24;;;;;10000.0;562.0
0;34600;STARFRUIT;5037;24;;;;;5044;24;;;;;5040.5;-1138.66796875
0;34700;STARFRUIT;5037;7;5036;25;;;5043;25;;;;;5040.0;-1095.537109375
0;34700;AMETHYSTS;9996;2;9995;23;;;10004;2;10005;23;;;10000.0;562.0
0;34800;AMETHYSTS;9998;3;9996;2;9995;22;10004;2;10005;22;;;10001.0;562.0
0;34800;STARFRUIT;5036;22;;;;;5037;8;5043;24;;;5036.5;-1096.265625
0;34900;AMETHYSTS;9995;24;;;;;10005;24;;;;;10000.0;562.0
0;34900;STARFRUIT;5037;24;;;;;5044;24;;;;;5040.5;-1126.6875
0;35000;AMETHYSTS;9995;29;;;;;10005;29;;;;;10000.0;562.0
0;35000;STARFRUIT;5037;29;;;;;5044;29;;;;;5040.5;-1127.046875
0;35100;STARFRUIT;5037;23;;;;;5044;23;;;;;5040.5;-1124.5859375
0;35100;AMETHYSTS;9996;2;9995;21;;;10004;2;10005;21;;;10000.0;562.0
0;35200;AMETHYSTS;9995;24;;;;;10005;24;;;;;10000.0;562.0
0;35200;STARFRUIT;5037;24;;;;;5042;3;5044;24;;;5039.5;-1129.078125
0;35300;AMETHYSTS;9998;8;9996;1;9995;22;10004;1;10005;22;;;10001.0;562.0
0;35300;STARFRUIT;5038;8;5037;23;;;5044;23;;;;;5041.0;-1126.3515625
0;35400;AMETHYSTS;10002;1;9996;2;9995;25;10004;2;10005;25;;;10003.0;562.0
0;35400;STARFRUIT;5037;27;;;;;5044;27;;;;;5040.5;-1134.1484375
0;35500;STARFRUIT;5037;29;;;;;5044;29;;;;;5040.5;-1126.1171875
0;35500;AMETHYSTS;9996;2;9995;27;;;10004;2;10005;27;;;10000.0;564.0
0;35600;AMETHYSTS;9996;1;9995;23;;;10002;3;10004;1;10005;23;9999.0;564.0
0;35600;STARFRUIT;5038;1;5037;23;;;5044;24;;;;;5041.0;-1135.46875
0;35700;AMETHYSTS;9996;2;9995;29;;;10002;9;10004;2;10005;29;9999.0;564.0
0;35700;STARFRUIT;5037;31;;;;;5044;31;;;;;5040.5;-1134.1640625
0;35800;AMETHYSTS;9996;2;9995;21;;;10004;2;10005;21;;;10000.0;564.0
0;35800;STARFRUIT;5037;8;5036;21;;;5043;2;5044;21;;;5040.0;-1119.0078125
0;35900;STARFRUIT;5036;30;;;;;5043;30;;;;;5039.5;-1105.75
0;35900;AMETHYSTS;9996;2;9995;28;;;10004;2;10005;28;;;10000.0;564.0
0;36000;AMETHYSTS;9995;30;;;;;10000;2;10002;9;10005;30;9997.5;564.0
0;36000;STARFRUIT;5036;30;;;;;5039;2;5041;2;5043;30;5037.5;-1105.703125
0;36100;AMETHYSTS;9998;7;9996;2;9995;21;10004;2;10005;21;;;10001.0;564.0
0;36100;STARFRUIT;5036;23;;;;;5041;6;5043;23;;;5038.5;-1107.6875
0;36200;AMETHYSTS;9998;5;9996;1;9995;29;10004;1;10005;29;;;10001.0;564.0
0;36200;STARFRUIT;5036;1;5035;29;;;5042;30;;;;;5039.0;-1095.8046875
0;36300;STARFRUIT;5035;31;;;;;5042;31;;;;;5038.5;-1094.078125
0;36300;AMETHYSTS;9996;1;9995;30;;;10004;1;10005;30;;;10000.0;564.0
0;36400;AMETHYSTS;9996;1;9995;28;;;10002;8;10004;1;10005;28;9999.0;564.0
0;36400;STARFRUIT;5036;2;5035;28;;;5042;29;;;;;5039.0;-1096.171875
0;36500;AMETHYSTS;9996;2;9995;27;;;10004;2;10005;27;;;10000.0;564.0
0;36500;STARFRUIT;5035;28;;;;;5042;29;;;;;5038.5;-1089.1640625
0;36600;AMETHYSTS;9996;1;9995;30;;;10000;2;10004;1;10005;30;9998.0;564.0
0;36600;STARFRUIT;5035;31;;;;;5038;2;5042;31;;;5036.5;-1083.9609375
0;36700;STARFRUIT;5035;22;;;;;5042;22;;;;;5038.5;-1087.96875
0;36700;AMETHYSTS;10002;1;9996;1;9995;21;10004;1;10005;21;;;10003.0;564.0
0;36800;AMETHYSTS;9996;2;9995;23;;;10004;2;10005;23;;;10000.0;566.0
0;36800;STARFRUIT;5035;25;;;;;5042;25;;;;;5038.5;-1093.1328125
0;36900;AMETHYSTS;9998;6;9995;22;;;10005;22;;;;;10001.5;566.0
0;36900;STARFRUIT;5035;22;;;;;5042;22;;;;;5038.5;-1092.8203125
0;37000;AMETHYSTS;9996;2;9995;20;;;10004;2;10005;20;;;10000.0;566.0
0;37000;STARFRUIT;5036;2;5035;20;;;5042;22;;;;;5039.0;-1095.359375
0;37100;STARFRUIT;5039;5;5036;24;;;5043;24;;;;;5041.0;-1100.1640625
0;37100;AMETHYSTS;10000;5;9995;24;;;10005;24;;;;;10002.5;566.0
0;37200;AMETHYSTS;9996;2;9995;27;;;10004;2;10005;27;;;10000.0;566.0
0;37200;STARFRUIT;5037;2;5036;27;;;5043;29;;;;;5040.0;-1119.984375
0;37300;AMETHYSTS;9996;1;9995;22;;;10004;1;10005;22;;;10000.0;566.0
0;37300;STARFRUIT;5037;23;;;;;5042;4;5044;23;;;5039.5;-1113.58984375
0;37400;AMETHYSTS;9995;22;;;;;10005;22;;;;;10000.0;575.0
0;37400;STARFRUIT;5038;4;5037;22;;;5044;22;;;;;5041.0;-1110.328125
0;37500;STARFRUIT;5040;5;5037;31;;;5044;31;;;;;5042.0;-1111.38671875
0;37500;AMETHYSTS;10000;5;9996;1;9995;30;10004;1;10005;30;;;10002.0;575.0
0;37600;AMETHYSTS;9996;1;9995;24;;;10004;1;10005;24;;;10000.0;575.0
0;37600;STARFRUIT;5037;25;;;;;5042;5;5044;25;;;5039.5;-1114.015625
0;37700;AMETHYSTS;10002;1;9995;20;;;10005;20;;;;;10003.5;605.0
0;37700;STARFRUIT;5037;20;;;;;5044;20;;;;;5040.5;-1118.140625
0;37800;AMETHYSTS;9996;2;9995;23;;;10004;2;10005;23;;;10000.0;607.0
0;37800;STARFRUIT;5037;25;;;;;5043;2;5044;23;;;5040.0;-1117.30078125
0;37900;STARFRUIT;5038;29;;;;;5044;2;5045;27;;;5041.0;-1106.20703125
0;37900;AMETHYSTS;9996;2;9995;27;;;10004;2;10005;27;;;10000.0;613.0
0;38000;AMETHYSTS;9998;3;9995;30;;;10005;30;;;;;10001.5;613.0
0;38000;STARFRUIT;5038;30;;;;;5045;30;;;;;5041.5;-1104.4140625
0;38100;AMETHYSTS;9998;4;9996;1;9995;28;10004;1;10005;28;;;10001.0;613.0
0;38100;STARFRUIT;5038;29;;;;;5043;4;5045;29;;;5040.5;-1104.8828125
0;38200;AMETHYSTS;9998;4;9996;2;9995;29;10004;2;10005;29;;;10001.0;613.0
0;38200;STARFRUIT;5039;2;5038;29;;;5045;31;;;;;5042.0;-1099.234375
0;38300;STARFRUIT;5040;5;5039;22;;;5046;22;;;;;5043.0;-1095.44921875
0;38300;AMETHYSTS;9995;22;;;;;10005;22;;;;;10000.0;613.0
0;38400;AMETHYSTS;9996;2;9995;29;;;10004;2;10005;29;;;10000.0;613.0
0;38400;STARFRUIT;5039;31;;;;;5040;4;5046;31;;;5039.5;-1096.11328125
0;38500;AMETHYSTS;9996;2;9995;22;;;10004;2;10005;22;;;10000.0;613.0
0;38500;STARFRUIT;5038;24;;;;;5045;24;;;;;5041.5;-1096.36328125
0;38600;STARFRUIT;5038;31;;;;;5044;2;5045;29;;;5041.0;-1094.283203125
0;38600;AMETHYSTS;10002;1;9996;2;9995;29;10004;2;10005;29;;;10003.0;613.0
0;38700;STARFRUIT;5038;1;5037;20;;;5044;22;;;;;5041.0;-1091.916015625
0;38700;AMETHYSTS;9996;2;9995;20;;;10004;2;10005;20;;;10000.0;615.0
0;38800;STARFRUIT;5038;27;;;;;5043;2;5044;2;5045;25;5040.5;-1094.26171875
0;38800;AMETHYSTS;9996;2;9995;25;;;10004;2;10005;25;;;10000.0;615.0
0;38900;AMETHYSTS;9996;2;9995;23;;;10004;2;10005;23;;;10000.0;615.0
0;38900;STARFRUIT;5038;25;;;;;5045;25;;;;;5041.5;-1095.58203125
0;39000;STARFRUIT;5039;1;5038;23;;;5041;3;5044;6;5045;1;5040.0;-1098.90625
0;39000;AMETHYSTS;9996;1;9995;23;;;10000;3;10004;1;10005;23;9998.0;615.0
0;39100;STARFRUIT;5039;8;5038;30;;;5045;30;;;;;5042.0;-1097.5078125
0;39100;AMETHYSTS;9996;2;9995;28;;;9998;3;10004;2;10005;28;9997.0;615.0
0;39200;STARFRUIT;5039;5;5038;21;;;5041;4;5045;21;;;5040.0;-1096.3125
0;39200;AMETHYSTS;9995;21;;;;;10000;4;10005;21;;;9997.5;623.0
0;39300;AMETHYSTS;9995;24;;;;;10005;24;;;;;10000.0;631.0
0;39300;STARFRUIT;5038;24;;;;;5045;24;;;;;5041.5;-1090.53125
0;39400;STARFRUIT;5038;21;;;;;5045;21;;;;;5041.5;-1088.82421875
0;39400;AMETHYSTS;9995;21;;;;;10005;21;;;;;10000.0;631.0
0;39500;STARFRUIT;5038;29;;;;;5043;3;5045;29;;;5040.5;-1089.875
0;39500;AMETHYSTS;9995;29;;;;;10005;29;;;;;10000.0;631.0
0;39600;STARFRUIT;5038;31;;;;;5045;31;;;;;5041.5;-1090.146484375
0;39600;AMETHYSTS;9996;1;9995;30;;;10004;1;10005;30;;;10000.0;631.0
0;39700;AMETHYSTS;9996;1;9995;29;;;10000;6;10004;1;10005;29;9998.0;631.0
0;39700;STARFRUIT;5038;29;;;;;5041;6;5045;30;;;5039.5;-1092.275390625
0;39800;STARFRUIT;5038;24;;;;;5044;2;5045;22;;;5041.0;-1089.0078125
0;39800;AMETHYSTS;9996;2;9995;22;;;9998;1;10004;2;10005;22;9997.0;631.0
0;39900;STARFRUIT;5038;29;;;;;5043;7;5045;29;;;5040.5;-1089.7109375
0;39900;AMETHYSTS;9998;10;9996;1;9995;28;10004;1;10005;28;;;10001.0;633.0
0;40000;STARFRUIT;5037;26;;;;;5044;26;;;;;5040.5;-1086.09375
0;40000;AMETHYSTS;10002;11;9996;1;9995;25;10004;1;10005;25;;;10003.0;633.0
0;40100;AMETHYSTS;9995;30;;;;;10005;30;;;;;10000.0;655.0
0;40100;STARFRUIT;5037;30;;;;;5042;4;5044;30;;;5039.5;-1050.4765625
0;40200;STARFRUIT;5037;25;;;;;5044;25;;;;;5040.5;-1052.078125
0;40200;AMETHYSTS;9996;1;9995;24;;;10002;7;10004;1;10005;24;9999.0;655.0
0;40300;STARFRUIT;5037;1;5036;29;;;5043;30;;;;;5040.0;-1037.3134765625
0;40300;AMETHYSTS;10002;4;9996;1;9995;29;10004;1;10005;29;;;10003.0;655.0
0;40400;STARFRUIT;5037;25;;;;;5043;2;5044;23;;;5040.0;-1036.400390625
0;40400;AMETHYSTS;9996;2;9995;23;;;10004;2;10005;23;;;10000.0;663.0
0;40500;AMETHYSTS;9996;1;9995;21;;;10004;1;10005;21;;;10000.0;663.0
0;40500;STARFRUIT;5037;22;;;;;5044;22;;;;;5040.5;-1035.9921875
0;40600;STARFRUIT;5037;28;;;;;5045;28;;;;;5041.0;-1008.0625
0;40600;AMETHYSTS;10002;1;9995;28;;;10005;28;;;;;10003.5;663.0
0;40700;STARFRUIT;5044;1;5039;6;5038;30;5045;30;;;;;5044.5;-1013.125
0;40700;AMETHYSTS;9998;10;9996;1;9995;29;10004;1;10005;29;;;10001.0;665.0
0;40800;STARFRUIT;5038;21;;;;;5045;21;;;;;5041.5;-1075.65625
0;40800;AMETHYSTS;9995;21;;;;;10005;21;;;;;10000.0;665.0
0;40900;AMETHYSTS;9998;2;9995;25;;;10005;25;;;;;10001.5;665.0
0;40900;STARFRUIT;5040;3;5039;25;;;5046;25;;;;;5043.0;-1062.609375
0;41000;STARFRUIT;5039;21;;;;;5042;2;5044;7;5045;1;5040.5;-1063.5390625
0;41000;AMETHYSTS;9998;10;9996;1;9995;20;10000;2;10004;1;10005;20;9999.0;665.0
0;41100;AMETHYSTS;9996;2;9995;23;;;10004;2;10005;23;;;10000.0;665.0
0;41100;STARFRUIT;5038;25;;;;;5045;25;;;;;5041.5;-1074.296875
0;41200;AMETHYSTS;9995;20;;;;;10005;20;;;;;10000.0;665.0
0;41200;STARFRUIT;5038;20;;;;;5046;20;;;;;5042.0;-1068.453125
0;41300;AMETHYSTS;9995;27;;;;;10005;27;;;;;10000.0;665.0
0;41300;STARFRUIT;5039;8;5038;27;;;5045;27;;;;;5042.0;-1073.9296875
0;41400;STARFRUIT;5039;30;;;;;5046;30;;;;;5042.5;-1060.140625
0;41400;AMETHYSTS;9996;1;9995;29;;;10004;1;10005;29;;;10000.0;665.0
0;41500;AMETHYSTS;9996;2;9995;29;;;10004;2;10005;29;;;10000.0;665.0
0;41500;STARFRUIT;5039;9;5038;29;;;5045;31;;;;;5042.0;-1069.2109375
0;41600;AMETHYSTS;9995;26;;;;;10005;26;;;;;10000.0;665.0
0;41600;STARFRUIT;5038;26;;;;;5045;26;;;;;5041.5;-1072.6484375
0;41700;AMETHYSTS;9995;23;;;;;10005;23;;;;;10000.0;665.0
0;41700;STARFRUIT;5042;2;5038;23;;;5045;23;;;;;5043.5;-1080.4140625
0;41800;STARFRUIT;5038;21;;;;;5044;1;5045;21;;;5041.0;-1084.96875
0;41800;AMETHYSTS;9996;1;9995;21;;;10004;1;10005;21;;;10000.0;665.0
0;41900;AMETHYSTS;9995;28;;;;;10002;8;10005;28;;;9998.5;665.0
0;41900;STARFRUIT;5038;28;;;;;5045;28;;;;;5041.5;-1079.7890625
0;42000;AMETHYSTS;9996;1;9995;27;;;9998;1;10004;1;10005;27;9997.0;665.0
0;42000;STARFRUIT;5038;1;5037;27;;;5044;28;;;;;5041.0;-1089.171875
0;42100;AMETHYSTS;10002;2;9995;22;;;10005;22;;;;;10003.5;667.0
0;42100;STARFRUIT;5039;7;5038;22;;;5045;22;;;;;5042.0;-1084.1875
0;42200;STARFRUIT;5038;22;;;;;5045;22;;;;;5041.5;-1070.1796875
0;42200;AMETHYSTS;9995;22;;;;;10005;22;;;;;10000.0;671.0
0;42300;AMETHYSTS;9996;2;9995;20;;;10004;2;10005;20;;;10000.0;671.0
0;42300;STARFRUIT;5039;22;;;;;5045;2;5046;20;;;5042.0;-1065.3046875
0;42400;AMETHYSTS;9996;2;9995;26;;;10002;2;10004;2;10005;26;9999.0;671.0
0;42400;STARFRUIT;5038;28;;;;;5045;28;;;;;5041.5;-1077.890625
0;42500;AMETHYSTS;9995;24;;;;;10005;24;;;;;10000.0;674.0
0;42500;STARFRUIT;5038;24;;;;;5043;2;5045;24;;;5040.5;-1079.0859375
0;42600;STARFRUIT;5043;1;5038;28;;;5045;28;;;;;5044.0;-1083.7734375
0;42600;AMETHYSTS;9995;28;;;;;10005;28;;;;;10000.0;674.0
0;42700;AMETHYSTS;9996;1;9995;23;;;10004;1;10005;23;;;10000.0;674.0
0;42700;STARFRUIT;5038;24;;;;;5044;1;5045;23;;;5041.0;-1084.0859375
0;42800;AMETHYSTS;9995;29;;;;;10000;2;10005;29;;;9997.5;674.0
0;42800;STARFRUIT;5038;29;;;;;5041;2;5045;29;;;5039.5;-1083.1484375
0;42900;AMETHYSTS;10002;5;9995;20;;;10005;20;;;;;10003.5;674.0
0;42900;STARFRUIT;5038;20;;;;;5045;20;;;;;5041.5;-1108.0
0;43000;STARFRUIT;5038;27;;;;;5045;27;;;;;5041.5;-1108.0
0;43000;AMETHYSTS;9996;1;9995;26;;;10002;6;10004;1;10005;26;9999.0;684.0
0;43100;AMETHYSTS;9998;9;9996;1;9995;24;10004;1;10005;24;;;10001.0;684.0
0;43100;STARFRUIT;5038;25;;;;;5045;25;;;;;5041.5;-1108.0
0;43200;AMETHYSTS;9996;2;9995;29;;;10002;5;10004;2;10005;29;9999.0;684.0
0;43200;STARFRUIT;5038;31;;;;;5045;31;;;;;5041.5;-1108.0
0;43300;STARFRUIT;5043;1;5037;20;;;5044;20;;;;;5043.5;-1108.0
0;43300;AMETHYSTS;9998;10;9995;20;;;10005;20;;;;;10001.5;693.0
0;43400;AMETHYSTS;9996;2;9995;22;;;10004;2;10005;22;;;10000.0;693.0
0;43400;STARFRUIT;5037;24;;;;;5043;2;5044;22;;;5040.0;-1108.0
0;43500;AMETHYSTS;9996;1;9995;24;;;10002;7;10004;1;10005;24;9999.0;693.0
0;43500;STARFRUIT;5037;6;5036;25;;;5043;25;;;;;5040.0;-1108.0
0;43600;AMETHYSTS;9995;22;;;;;10002;5;10005;22;;;9998.5;693.0
0;43600;STARFRUIT;5036;22;;;;;5041;1;5043;22;;;5038.5;-1108.0
0;43700;STARFRUIT;5037;1;5036;29;;;5043;30;;;;;5040.0;-1108.0
0;43700;AMETHYSTS;9996;1;9995;29;;;10002;6;10004;1;10005;29;9999.0;693.0
0;43800;AMETHYSTS;9996;1;9995;22;;;10004;1;10005;22;;;10000.0;693.0
0;43800;STARFRUIT;5036;23;;;;;5043;23;;;;;5039.5;-1108.0
0;43900;AMETHYSTS;9996;2;9995;24;;;10002;2;10004;2;10005;24;9999.0;693.0
0;43900;STARFRUIT;5037;6;5036;26;;;5043;26;;;;;5040.0;-1094.951171875
0;44000;AMETHYSTS;10002;4;9998;10;9996;2;10004;2;10005;25;;;10003.0;693.0
0;44000;STARFRUIT;5036;27;;;;;5043;27;;;;;5039.5;-1089.12890625
0;44100;STARFRUIT;5036;24;;;;;5041;4;5042;2;5043;22;5038.5;-1088.109375
0;44100;AMETHYSTS;9996;2;9995;22;;;10004;2;10005;22;;;10000.0;701.0
0;44200;AMETHYSTS;9995;24;;;;;10005;24;;;;;10000.0;701.0
0;44200;STARFRUIT;5036;24;;;;;5043;24;;;;;5039.5;-1090.93359375
0;44300;AMETHYSTS;9996;2;9995;24;;;9998;2;10004;2;10005;24;9997.0;701.0
0;44300;STARFRUIT;5036;26;;;;;5042;2;5043;24;;;5039.0;-1088.48046875
0;44400;AMETHYSTS;9996;1;9995;25;;;10002;7;10004;1;10005;25;9999.0;705.0
0;44400;STARFRUIT;5037;1;5036;26;;;5043;26;;;;;5040.0;-1089.19921875
0;44500;STARFRUIT;5036;30;;;;;5043;30;;;;;5039.5;-1089.0859375
0;44500;AMETHYSTS;9995;30;;;;;10005;30;;;;;10000.0;705.0
0;44600;AMETHYSTS;9996;1;9995;21;;;10004;1;10005;21;;;10000.0;705.0
0;44600;STARFRUIT;5037;22;;;;;5043;1;5044;21;;;5040.0;-1094.28515625
0;44700;AMETHYSTS;9996;2;9995;25;;;10004;2;10005;25;;;10000.0;705.0
0;44700;STARFRUIT;5037;27;;;;;5042;6;5044;27;;;5039.5;-1096.66015625
0;44800;AMETHYSTS;9995;25;;;;;10005;25;;;;;10000.0;705.0
0;44800;STARFRUIT;5037;25;;;;;5042;3;5044;25;;;5039.5;-1094.33203125
0;44900;STARFRUIT;5037;2;5036;21;;;5043;23;;;;;5040.0;-1093.5
0;44900;AMETHYSTS;9996;2;9995;21;;;10004;2;10005;21;;;10000.0;705.0
0;45000;AMETHYSTS;9996;1;9995;27;;;10004;1;10005;27;;;10000.0;705.0
0;45000;STARFRUIT;5036;28;;;;;5037;1;5043;28;;;5036.5;-1091.0703125
0;45100;AMETHYSTS;9995;27;;;;;9998;1;10005;27;;;9996.5;705.0
0;45100;STARFRUIT;5036;27;;;;;5043;27;;;;;5039.5;-1106.640625
0;45200;AMETHYSTS;10002;1;9996;1;9995;20;10004;1;10005;20;;;10003.0;707.0
0;45200;STARFRUIT;5036;20;;;;;5043;1;5044;20;;;5039.5;-1109.6171875
0;45300;STARFRUIT;5037;22;;;;;5044;23;;;;;5040.5;-1118.4375
0;45300;AMETHYSTS;9995;23;;;;;10005;23;;;;;10000.0;709.0
0;45400;AMETHYSTS;9998;4;9995;25;;;10005;25;;;;;10001.5;709.0
0;45400;STARFRUIT;5037;25;;;;;5044;25;;;;;5040.5;-1122.5703125
0;45500;AMETHYSTS;9996;1;9995;20;;;9998;3;10004;1;10005;20;9997.0;709.0
0;45500;STARFRUIT;5036;21;;;;;5037;3;5043;21;;;5036.5;-1095.7421875
0;45600;AMETHYSTS;9996;1;9995;23;;;10004;1;10005;23;;;10000.0;715.0
0;45600;STARFRUIT;5037;1;5036;23;;;5041;6;5043;24;;;5039.0;-1097.140625
0;45700;STARFRUIT;5037;2;5036;21;;;5043;23;;;;;5040.0;-1098.03125
0;45700;AMETHYSTS;10002;1;9996;2;9995;21;10004;2;10005;21;;;10003.0;715.0
0;45800;AMETHYSTS;10000;5;9998;7;9996;2;10004;2;10005;30;;;10002.0;717.0
0;45800;STARFRUIT;5040;5;5037;32;;;5044;32;;;;;5042.0;-1108.109375
0;45900;AMETHYSTS;9998;8;9996;1;9995;25;10004;1;10005;25;;;10001.0;717.0
0;45900;STARFRUIT;5037;25;;;;;5044;26;;;;;5040.5;-1117.578125
0;46000;AMETHYSTS;9995;23;;;;;9998;1;10005;23;;;9996.5;717.0
0;46000;STARFRUIT;5037;23;;;;;5044;23;;;;;5040.5;-1113.4453125
0;46100;STARFRUIT;5039;4;5038;25;;;5045;25;;;;;5042.0;-1121.4296875
0;46100;AMETHYSTS;9995;25;;;;;10005;25;;;;;10000.0;727.0
0;46200;AMETHYSTS;9995;24;;;;;10005;24;;;;;10000.0;727.0
0;46200;STARFRUIT;5039;4;5038;24;;;5045;24;;;;;5042.0;-1122.65625
0;46300;AMETHYSTS;9996;2;9995;26;;;10004;2;10005;26;;;10000.0;727.0
0;46300;STARFRUIT;5039;2;5038;26;;;5045;28;;;;;5042.0;-1134.0859375
0;46400;AMETHYSTS;9995;24;;;;;10005;24;;;;;10000.0;727.0
0;46400;STARFRUIT;5044;1;5038;24;;;5045;24;;;;;5044.5;-1129.8359375
0;46500;STARFRUIT;5042;2;5038;30;;;5045;30;;;;;5043.5;-1185.625
0;46500;AMETHYSTS;9996;1;9995;29;;;9998;1;10004;1;10005;29;9997.0;727.0
0;46600;AMETHYSTS;9998;1;9995;28;;;10005;28;;;;;10001.5;729.0
0;46600;STARFRUIT;5044;1;5040;4;5039;28;5046;28;;;;;5045.0;-1178.06640625
0;46700;AMETHYSTS;9996;1;9995;29;;;10004;1;10005;29;;;10000.0;729.0
0;46700;STARFRUIT;5038;30;;;;;5045;30;;;;;5041.5;-1182.30078125
0;46800;AMETHYSTS;9995;25;;;;;10005;25;;;;;10000.0;729.0
0;46800;STARFRUIT;5038;25;;;;;5045;25;;;;;5041.5;-1180.7421875
0;46900;STARFRUIT;5039;30;;;;;5040;10;5045;1;5046;29;5039.5;-1177.79296875
0;46900;AMETHYSTS;9996;1;9995;29;;;10002;3;10004;1;10005;29;9999.0;729.0
0;47000;AMETHYSTS;9996;1;9995;22;;;10004;1;10005;22;;;10000.0;729.0
0;47000;STARFRUIT;5039;23;;;;;5045;1;5046;22;;;5042.0;-1272.953125
0;47100;AMETHYSTS;9995;22;;;;;9998;1;10005;22;;;9996.5;729.0
0;47100;STARFRUIT;5039;22;;;;;5046;22;;;;;5042.5;-1278.1875
0;47200;AMETHYSTS;9996;2;9995;21;;;10004;2;10005;21;;;10000.0;731.0
0;47200;STARFRUIT;5044;1;5039;23;;;5046;23;;;;;5045.0;-1273.78125
0;47300;STARFRUIT;5040;5;5039;21;;;5046;21;;;;;5043.0;-1385.40625
0;47300;AMETHYSTS;9995;21;;;;;10005;21;;;;;10000.0;731.0
0;47400;AMETHYSTS;9998;7;9995;22;;;10005;22;;;;;10001.5;731.0
0;47400;STARFRUIT;5043;5;5038;22;;;5045;22;;;;;5044.0;-1407.0078125
0;47500;AMETHYSTS;9996;1;9995;21;;;9998;1;10004;1;10005;21;9997.0;731.0
0;47500;STARFRUIT;5037;22;;;;;5042;5;5044;22;;;5039.5;-1417.796875
0;47600;STARFRUIT;5037;21;;;;;5044;21;;;;;5040.5;-1419.84375
0;47600;AMETHYSTS;9998;5;9995;21;;;10005;21;;;;;10001.5;733.0
0;47700;STARFRUIT;5037;23;;;;;5042;4;5044;23;;;5039.5;-1419.4296875
0;47700;AMETHYSTS;9998;1;9995;23;;;10005;23;;;;;10001.5;733.0
0;47800;STARFRUIT;5038;20;;;;;5043;7;5045;20;;;5040.5;-1411.03125
0;47800;AMETHYSTS;9995;20;;;;;10005;20;;;;;10000.0;733.0
0;47900;AMETHYSTS;9995;23;;;;;10005;23;;;;;10000.0;733.0
0;47900;STARFRUIT;5037;23;;;;;5044;23;;;;;5040.5;-1430.65625
0;48000;STARFRUIT;5037;27;;;;;5044;27;;;;;5040.5;-1425.765625
0;48000;AMETHYSTS;10002;2;9996;1;9995;26;10004;1;10005;26;;;10003.0;733.0
0;48100;STARFRUIT;5037;30;;;;;5042;1;5044;30;;;5039.5;-1424.25
0;48100;AMETHYSTS;9996;1;9995;29;;;10004;1;10005;29;;;10000.0;737.0
0;48200;STARFRUIT;5038;2;5037;26;;;5044;27;;;;;5041.0;-1413.5234375
0;48200;AMETHYSTS;9996;1;9995;26;;;10004;1;10005;26;;;10000.0;737.0
0;48300;AMETHYSTS;9998;4;9996;1;9995;20;10004;1;10005;20;;;10001.0;737.0
0;48300;STARFRUIT;5037;21;;;;;5038;4;5044;21;;;5037.5;-1421.7734375
0;48400;STARFRUIT;5037;32;;;;;5042;6;5044;32;;;5039.5;-1488.19140625
0;48400;AMETHYSTS;9996;2;9995;30;;;10004;2;10005;30;;;10000.0;737.0
0;48500;STARFRUIT;5037;29;;;;;5044;29;;;;;5040.5;-1484.96875
0;48500;AMETHYSTS;9995;29;;;;;10005;29;;;;;10000.0;737.0
0;48600;STARFRUIT;5037;1;5036;26;;;5043;1;5044;26;;;5040.0;-1481.92578125
0;48600;AMETHYSTS;9996;1;9995;26;;;10004;1;10005;26;;;10000.0;737.0
0;48700;AMETHYSTS;9996;1;9995;22;;;10000;2;10004;1;10005;22;9998.0;737.0
0;48700;STARFRUIT;5036;23;;;;;5039;2;5043;23;;;5037.5;-1479.7109375
0;48800;STARFRUIT;5036;29;;;;;5043;29;;;;;5039.5;-1478.83984375
0;48800;AMETHYSTS;9996;1;9995;28;;;10004;1;10005;28;;;10000.0;737.0
0;48900;STARFRUIT;5036;21;;;;;5043;22;;;;;5039.5;-1475.00390625
0;48900;AMETHYSTS;9995;22;;;;;10005;22;;;;;10000.0;737.0
0;49000;STARFRUIT;5035;29;;;;;5042;29;;;;;5038.5;-1467.3359375
0;49000;AMETHYSTS;9996;1;9995;28;;;10004;1;10005;28;;;10000.0;737.0
0;49100;AMETHYSTS;9995;30;;;;;10005;30;;;;;10000.0;743.0
0;49100;STARFRUIT;5035;30;;;;;5042;30;;;;;5038.5;-1465.83203125
0;49200;STARFRUIT;5034;26;;;;;5041;26;;;;;5037.5;-1456.890625
0;49200;AMETHYSTS;10002;3;9996;1;9995;25;10004;1;10005;25;;;10003.0;743.0
0;49300;STARFRUIT;5035;6;5034;29;;;5041;29;;;;;5038.0;-1460.33984375
0;49300;AMETHYSTS;9998;3;9995;29;;;10005;29;;;;;10001.5;747.0
0;49400;STARFRUIT;5035;23;;;;;5042;23;;;;;5038.5;-1466.43359375
0;49400;AMETHYSTS;9996;1;9995;22;;;10004;1;10005;22;;;10000.0;747.0
0;49500;AMETHYSTS;9996;1;9995;24;;;10004;1;10005;24;;;10000.0;747.0
0;49500;STARFRUIT;5035;25;;;;;5041;1;5042;24;;;5038.0;-1462.62890625
0;49600;STARFRUIT;5036;2;5035;28;;;5038;3;5042;30;;;5037.0;-1470.203125
0;49600;AMETHYSTS;9996;2;9995;28;;;10000;3;10002;9;10004;2;9998.0;747.0
0;49700;STARFRUIT;5041;1;5036;6;5035;21;5042;21;;;;;5041.5;-1470.90625
0;49700;AMETHYSTS;9995;21;;;;;10005;21;;;;;10000.0;747.0
0;49800;AMETHYSTS;9995;20;;;;;10002;7;10005;20;;;9998.5;747.0
0;49800;STARFRUIT;5036;20;;;;;5037;1;5043;20;;;5036.5;-1476.8125
0;49900;AMETHYSTS;9996;1;9995;23;;;10004;1;10005;23;;;10000.0;747.0
0;49900;STARFRUIT;5038;5;5037;24;;;5044;24;;;;;5041.0;-1481.953125
0;50000;STARFRUIT;5037;26;;;;;5044;26;;;;;5040.5;-1483.77734375
0;50000;AMETHYSTS;9996;2;9995;24;;;10002;5;10004;2;10005;24;9999.0;747.0
0;50100;AMETHYSTS;10002;4;9996;2;9995;22;10004;2;10005;22;;;10003.0;747.0
0;50100;STARFRUIT;5037;24;;;;;5043;2;5044;22;;;5040.0;-1479.39453125
0;50200;AMETHYSTS;9996;1;9995;28;;;10004;1;10005;28;;;10000.0;753.0
0;50200;STARFRUIT;5036;29;;;;;5043;29;;;;;5039.5;-1472.69921875
0;50300;AMETHYSTS;9995;23;;;;;10005;23;;;;;10000.0;753.0
0;50300;STARFRUIT;5036;23;;;;;5041;4;5043;23;;;5038.5;-1476.09375
0;50400;STARFRUIT;5037;2;5036;23;;;5038;3;5043;23;;;5037.5;-1474.1171875
0;50400;AMETHYSTS;9996;2;9995;21;;;10004;2;10005;21;;;10000.0;753.0
0;50500;AMETHYSTS;10000;4;9998;7;9996;1;10004;1;10005;27;;;10002.0;753.0
0;50500;STARFRUIT;5039;4;5036;28;;;5043;28;;;;;5041.0;-1476.9765625
0;50600;AMETHYSTS;9998;7;9996;2;9995;22;10000;5;10004;2;10005;22;9999.0;753.0
0;50600;STARFRUIT;5036;24;;;;;5039;4;5043;24;;;5037.5;-1475.7890625
0;50700;AMETHYSTS;9998;9;9995;20;;;10005;20;;;;;10001.5;753.0
0;50700;STARFRUIT;5036;20;;;;;5043;20;;;;;5039.5;-1474.98828125
0;50800;STARFRUIT;5037;2;5036;26;;;5043;28;;;;;5040.0;-1480.3515625
0;50800;AMETHYSTS;9998;7;9996;2;9995;26;10004;2;10005;26;;;10001.0;753.0
0;50900;AMETHYSTS;9998;2;9995;30;;;10000;5;10005;30;;;9999.0;753.0
0;50900;STARFRUIT;5036;30;;;;;5037;1;5039;5;5043;30;5036.5;-1481.609375
0;51000;AMETHYSTS;9996;2;9995;23;;;10004;2;10005;23;;;10000.0;753.0
0;51000;STARFRUIT;5037;25;;;;;5043;2;5044;23;;;5040.0;-1480.50390625
0;51100;AMETHYSTS;9995;29;;;;;10002;1;10005;29;;;9998.5;753.0
0;51100;STARFRUIT;5038;3;5037;29;;;5044;29;;;;;5041.0;-1488.703125
0;51200;STARFRUIT;5037;30;;;;;5044;30;;;;;5040.5;-1488.28125
0;51200;AMETHYSTS;9995;30;;;;;10005;30;;;;;10000.0;753.0
0;51300;AMETHYSTS;9996;2;9995;23;;;9998;5;10002;5;10004;2;9997.0;753.0
0;51300;STARFRUIT;5038;2;5037;23;;;5044;25;;;;;5041.0;-1489.796875
0;51400;AMETHYSTS;9996;1;9995;22;;;10004;1;10005;22;;;10000.0;763.0
0;51400;STARFRUIT;5037;23;;;;;5042;5;5044;23;;;5039.5;-1485.28515625
0;51500;AMETHYSTS;9995;21;;;;;10005;21;;;;;10000.0;763.0
0;51500;STARFRUIT;5037;21;;;;;5044;21;;;;;5040.5;-1481.9140625
0;51600;STARFRUIT;5042;3;5038;2;5037;21;5044;23;;;;;5043.0;-1476.6953125
0;51600;AMETHYSTS;9996;2;9995;21;;;10002;5;10004;2;10005;21;9999.0;771.0
0;51700;AMETHYSTS;9996;2;9995;30;;;10004;2;10005;30;;;10000.0;771.0
0;51700;STARFRUIT;5038;2;5037;30;;;5044;32;;;;;5041.0;-1476.7421875
0;51800;AMETHYSTS;9995;25;;;;;10005;25;;;;;10000.0;771.0
0;51800;STARFRUIT;5037;25;;;;;5044;25;;;;;5040.5;-1472.8359375
0;51900;AMETHYSTS;9996;2;9995;26;;;10004;2;10005;26;;;10000.0;771.0
0;51900;STARFRUIT;5037;28;;;;;5044;28;;;;;5040.5;-1466.328125
0;52000;AMETHYSTS;9998;2;9995;21;;;10000;5;10005;21;;;9999.0;771.0
0;52000;STARFRUIT;5038;5;5037;21;;;5040;5;5044;21;;;5039.0;-1471.9296875
0;52100;AMETHYSTS;9996;1;9995;27;;;10004;1;10005;27;;;10000.0;771.0
0;52100;STARFRUIT;5038;1;5037;27;;;5044;28;;;;;5041.0;-1477.3359375
0;52200;AMETHYSTS;9995;23;;;;;10005;23;;;;;10000.0;771.0
0;52200;STARFRUIT;5037;22;;;;;5044;23;;;;;5040.5;-1470.7265625
0;52300;STARFRUIT;5037;30;;;;;5044;30;;;;;5040.5;-1475.90625
0;52300;AMETHYSTS;9995;30;;;;;10005;30;;;;;10000.0;771.0
0;52400;AMETHYSTS;10002;3;9996;1;9995;20;10004;1;10005;20;;;10003.0;771.0
0;52400;STARFRUIT;5038;1;5037;21;;;5040;4;5044;21;;;5039.0;-1475.2890625
0;52500;AMETHYSTS;9996;2;9995;25;;;10004;2;10005;25;;;10000.0;777.0
0;52500;STARFRUIT;5037;27;;;;;5043;2;5044;25;;;5040.0;-1464.0390625
0;52600;AMETHYSTS;9996;1;9995;30;;;10004;1;10005;30;;;10000.0;777.0
0;52600;STARFRUIT;5037;31;;;;;5043;1;5044;30;;;5040.0;-1461.6953125
0;52700;STARFRUIT;5042;1;5037;25;;;5043;1;5044;24;;;5042.5;-1462.734375
0;52700;AMETHYSTS;9996;1;9995;24;;;10002;9;10004;1;10005;24;9999.0;813.0
0;52800;AMETHYSTS;9996;2;9995;26;;;10004;2;10005;26;;;10000.0;813.0
0;52800;STARFRUIT;5042;1;5037;28;;;5044;28;;;;;5043.0;-1538.66015625
0;52900;AMETHYSTS;9996;1;9995;26;;;10002;3;10004;1;10005;26;9999.0;813.0
0;52900;STARFRUIT;5036;27;;;;;5043;27;;;;;5039.5;-1591.421875
0;53000;AMETHYSTS;9996;1;9995;29;;;10004;1;10005;29;;;10000.0;813.0
0;53000;STARFRUIT;5036;1;5035;29;;;5042;30;;;;;5039.0;-1604.453125
0;53100;STARFRUIT;5036;2;5035;21;;;5042;2;5043;21;;;5039.0;-1601.046875
0;53100;AMETHYSTS;9996;2;9995;21;;;9998;5;10004;2;10005;21;9997.0;813.0
0;53200;AMETHYSTS;9995;23;;;;;10005;23;;;;;10000.0;823.0
0;53200;STARFRUIT;5041;1;5036;23;;;5043;23;;;;;5042.0;-1592.5625
0;53300;AMETHYSTS;9995;20;;;;;10005;20;;;;;10000.0;823.0
0;53300;STARFRUIT;5036;20;;;;;5043;20;;;;;5039.5;-1598.8203125
0;53400;AMETHYSTS;9996;2;9995;30;;;9998;1;10004;2;10005;30;9997.0;823.0
0;53400;STARFRUIT;5038;7;5037;32;;;5044;32;;;;;5041.0;-1574.5859375
0;53500;STARFRUIT;5037;25;;;;;5042;2;5044;25;;;5039.5;-1570.75
0;53500;AMETHYSTS;9995;25;;;;;10002;7;10005;25;;;9998.5;825.0
0;53600;AMETHYSTS;9998;2;9996;1;9995;22;10004;1;10005;22;;;10001.0;825.0
0;53600;STARFRUIT;5037;23;;;;;5044;23;;;;;5040.5;-1567.890625
0;53700;AMETHYSTS;9995;23;;;;;10005;23;;;;;10000.0;825.0
0;53700;STARFRUIT;5038;1;5037;23;;;5044;23;;;;;5041.0;-1569.84375
0;53800;AMETHYSTS;9998;8;9995;29;;;10005;29;;;;;10001.5;825.0
0;53800;STARFRUIT;5037;29;;;;;5044;29;;;;;5040.5;-1576.203125
0;53900;STARFRUIT;5038;1;5037;25;;;5040;4;5044;26;;;5039.0;-1564.5078125
0;53900;AMETHYSTS;9996;1;9995;25;;;10000;4;10002;8;10004;1;9998.0;825.0
0;54000;AMETHYSTS;9996;1;9995;21;;;10002;1;10004;1;10005;21;9999.0;825.0
0;54000;STARFRUIT;5038;7;5037;22;;;5044;22;;;;;5041.0;-1570.984375
0;54100;AMETHYSTS;9996;1;9995;21;;;10004;1;10005;21;;;10000.0;825.0
0;54100;STARFRUIT;5038;4;5037;22;;;5043;1;5044;21;;;5040.5;-1579.2890625
0;54200;AMETHYSTS;9996;1;9995;20;;;10004;1;10005;20;;;10000.0;831.0
0;54200;STARFRUIT;5037;20;;;;;5043;1;5044;20;;;5040.0;-1575.875
0;54300;STARFRUIT;5037;28;;;;;5043;2;5044;26;;;5040.0;-1575.796875
0;54300;AMETHYSTS;10002;1;9996;2;9995;26;10004;2;10005;26;;;10003.0;831.0
0;54400;AMETHYSTS;9995;22;;;;;10005;22;;;;;10000.0;833.0
0;54400;STARFRUIT;5037;22;;;;;5044;22;;;;;5040.5;-1560.953125
0;54500;AMETHYSTS;9996;2;9995;27;;;10002;2;10004;2;10005;27;9999.0;833.0
0;54500;STARFRUIT;5038;29;;;;;5045;29;;;;;5041.5;-1554.703125
0;54600;AMETHYSTS;10002;2;9996;1;9995;29;10004;1;10005;29;;;10003.0;833.0
0;54600;STARFRUIT;5038;30;;;;;5045;30;;;;;5041.5;-1550.8515625
0;54700;STARFRUIT;5038;1;5037;22;;;5044;1;5045;22;;;5041.0;-1559.125
0;54700;AMETHYSTS;9996;1;9995;22;;;10004;1;10005;22;;;10000.0;837.0
0;54800;AMETHYSTS;9996;2;9995;23;;;10004;2;10005;23;;;10000.0;858.0
0;54800;STARFRUIT;5039;9;5038;23;;;5045;25;;;;;5042.0;-1542.5859375
0;54900;AMETHYSTS;9996;2;9995;22;;;10004;2;10005;22;;;10000.0;858.0
0;54900;STARFRUIT;5038;24;;;;;5043;1;5045;24;;;5040.5;-1545.1328125
0;55000;AMETHYSTS;9996;2;9995;20;;;10004;2;10005;20;;;10000.0;858.0
0;55000;STARFRUIT;5039;2;5038;20;;;5043;7;5045;22;;;5041.0;-1541.875
0;55100;STARFRUIT;5039;26;;;;;5045;2;5046;24;;;5042.0;-1537.7734375
0;55100;AMETHYSTS;9996;2;9995;24;;;10004;2;10005;24;;;10000.0;858.0
0;55200;AMETHYSTS;9998;8;9996;1;9995;25;10004;1;10005;25;;;10001.0;858.0
0;55200;STARFRUIT;5038;25;;;;;5045;26;;;;;5041.5;-1541.2265625
0;55300;AMETHYSTS;9995;22;;;;;10002;5;10005;22;;;9998.5;858.0
0;55300;STARFRUIT;5039;22;;;;;5044;3;5046;22;;;5041.5;-1537.0546875
0;55400;AMETHYSTS;9998;7;9996;1;9995;27;10004;1;10005;27;;;10001.0;864.0
0;55400;STARFRUIT;5039;6;5038;27;;;5045;28;;;;;5042.0;-1539.921875
0;55500;STARFRUIT;5039;2;5038;22;;;5043;2;5045;24;;;5041.0;-1541.6875
0;55500;AMETHYSTS;9996;2;9995;22;;;10004;2;10005;22;;;10000.0;870.0
0;55600;AMETHYSTS;9995;23;;;;;10002;9;10005;23;;;9998.5;870.0
0;55600;STARFRUIT;5038;23;;;;;5045;23;;;;;5041.5;-1541.65625
0;55700;AMETHYSTS;9996;1;9995;21;;;10002;7;10004;1;10005;21;9999.0;870.0
0;55700;STARFRUIT;5038;22;;;;;5045;22;;;;;5041.5;-1545.296875
0;55800;AMETHYSTS;9996;1;9995;25;;;10004;1;10005;25;;;10000.0;870.0
0;55800;STARFRUIT;5039;8;5038;26;;;5045;26;;;;;5042.0;-1543.7109375
0;55900;STARFRUIT;5041;4;5038;20;;;5045;20;;;;;5043.0;-1546.375
0;55900;AMETHYSTS;9995;20;;;;;10005;20;;;;;10000.0;870.0
0;56000;AMETHYSTS;10000;2;9996;1;9995;24;10002;6;10004;1;10005;24;10001.0;870.0
0;56000;STARFRUIT;5041;2;5038;25;;;5043;7;5045;25;;;5042.0;-1546.46875
0;56100;AMETHYSTS;9996;1;9995;27;;;9998;1;10002;3;10004;1;9997.0;870.0
0;56100;STARFRUIT;5038;28;;;;;5044;1;5045;27;;;5041.0;-1553.984375
0;56200;AMETHYSTS;9996;1;9995;30;;;10000;4;10004;1;10005;30;9998.0;872.0
0;56200;STARFRUIT;5038;31;;;;;5041;4;5044;1;5045;30;5039.5;-1552.46875
0;56300;STARFRUIT;5038;28;;;;;5045;28;;;;;5041.5;-1551.8203125
0;56300;AMETHYSTS;9995;28;;;;;10005;28;;;;;10000.0;872.0
0;56400;STARFRUIT;5038;29;;;;;5045;29;;;;;5041.5;-1551.3203125
0;56400;AMETHYSTS;9996;2;9995;27;;;10004;2;10005;27;;;10000.0;872.0
0;56500;AMETHYSTS;9995;21;;;;;10002;9;10005;21;;;9998.5;872.0
0;56500;STARFRUIT;5038;21;;;;;5045;21;;;;;5041.5;-1548.4453125
0;56600;STARFRUIT;5038;2;5037;28;;;5043;3;5044;2;5045;28;5040.5;-1555.15625
0;56600;AMETHYSTS;9996;2;9995;28;;;10002;2;10004;2;10005;28;9999.0;875.0
0;56700;STARFRUIT;5038;2;5037;27;;;5039;4;5044;27;;;5038.5;-1556.6953125
0;56700;AMETHYSTS;9998;5;9995;27;;;10005;27;;;;;10001.5;875.0
0;56800;STARFRUIT;5038;8;5037;23;;;5044;23;;;;;5041.0;-1566.0625
0;56800;AMETHYSTS;9995;23;;;;;10005;23;;;;;10000.0;875.0
0;56900;AMETHYSTS;9996;1;9995;20;;;10004;1;10005;20;;;10000.0;875.0
0;56900;STARFRUIT;5037;21;;;;;5044;21;;;;;5040.5;-1569.4453125
0;57000;STARFRUIT;5037;22;;;;;5044;22;;;;;5040.5;-1564.9296875
0;57000;AMETHYSTS;9996;2;9995;20;;;10002;10;10004;2;10005;20;9999.0;875.0
0;57100;STARFRUIT;5043;1;5037;24;;;5045;24;;;;;5044.0;-1560.7734375
0;57100;AMETHYSTS;9998;6;9995;24;;;10005;24;;;;;10001.5;875.0
0;57200;STARFRUIT;5038;1;5037;25;;;5044;26;;;;;5041.0;-1563.671875
0;57200;AMETHYSTS;9998;5;9996;1;9995;25;10004;1;10005;25;;;10001.0;875.0
0;57300;AMETHYSTS;9996;1;9995;30;;;10004;1;10005;30;;;10000.0;875.0
0;57300;STARFRUIT;5038;31;;;;;5043;1;5044;1;5045;30;5040.5;-1558.421875
0;57400;STARFRUIT;5038;28;;;;;5044;1;5045;27;;;5041.0;-1558.046875
0;57400;AMETHYSTS;9996;1;9995;27;;;10004;1;10005;27;;;10000.0;875.0
0;57500;STARFRUIT;5038;2;5037;21;;;5044;21;;;;;5041.0;-1561.671875
0;57500;AMETHYSTS;9995;21;;;;;10005;21;;;;;10000.0;875.0
0;57600;STARFRUIT;5040;5;5038;2;5037;20;5044;22;;;;;5042.0;-1562.46875
0;57600;AMETHYSTS;10000;4;9996;2;9995;20;10004;2;10005;20;;;10002.0;875.0
0;57700;AMETHYSTS;9998;2;9996;1;9995;21;10004;1;10005;21;;;10001.0;875.0
0;57700;STARFRUIT;5037;22;;;;;5044;22;;;;;5040.5;-1569.71875
0;57800;STARFRUIT;5038;7;5037;28;;;5044;28;;;;;5041.0;-1566.5
0;57800;AMETHYSTS;9996;2;9995;26;;;10002;4;10004;2;10005;26;9999.0;875.0
0;57900;STARFRUIT;5037;2;5036;26;;;5038;5;5043;28;;;5037.5;-1575.7109375
0;57900;AMETHYSTS;9996;2;9995;26;;;10004;2;10005;26;;;10000.0;875.0
0;58000;STARFRUIT;5037;28;;;;;5044;28;;;;;5040.5;-1578.171875
0;58000;AMETHYSTS;9995;28;;;;;10005;28;;;;;10000.0;875.0
0;58100;AMETHYSTS;9998;7;9995;20;;;10005;20;;;;;10001.5;875.0
0;58100;STARFRUIT;5037;20;;;;;5044;20;;;;;5040.5;-1539.8486328125
0;58200;STARFRUIT;5037;29;;;;;5043;2;5044;27;;;5040.0;-1539.2900390625
0;58200;AMETHYSTS;9996;2;9995;27;;;10004;2;10005;27;;;10000.0;903.0
0;58300;STARFRUIT;5037;2;5036;28;;;5043;30;;;;;5040.0;-1538.783203125
0;58300;AMETHYSTS;9996;2;9995;28;;;10004;2;10005;28;;;10000.0;903.0
0;58400;STARFRUIT;5037;25;;;;;5044;25;;;;;5040.5;-1539.3369140625
0;58400;AMETHYSTS;9995;25;;;;;10005;25;;;;;10000.0;903.0
0;58500;AMETHYSTS;9998;3;9996;2;9995;20;10004;2;10005;20;;;10001.0;903.0
0;58500;STARFRUIT;5038;2;5037;20;;;5042;2;5044;22;;;5040.0;-1540.591796875
0;58600;STARFRUIT;5038;23;;;;;5045;23;;;;;5041.5;-1541.705078125
0;58600;AMETHYSTS;9996;1;9995;22;;;10004;1;10005;22;;;10000.0;903.0
0;58700;AMETHYSTS;9996;1;9995;29;;;9998;1;10000;4;10004;1;9997.0;906.0
0;58700;STARFRUIT;5038;30;;;;;5041;4;5044;1;5045;29;5039.5;-1539.189453125
0;58800;AMETHYSTS;9996;1;9995;30;;;10004;1;10005;30;;;10000.0;908.0
0;58800;STARFRUIT;5038;1;5037;30;;;5042;5;5044;31;;;5040.0;-1538.86474609375
0;58900;AMETHYSTS;9996;2;9995;23;;;10004;2;10005;23;;;10000.0;914.0
0;58900;STARFRUIT;5043;1;5037;25;;;5044;25;;;;;5043.5;-1537.9833984375
0;59000;STARFRUIT;5038;1;5037;23;;;5044;1;5045;23;;;5041.0;-1540.21484375
0;59000;AMETHYSTS;9996;1;9995;23;;;10004;1;10005;23;;;10000.0;920.0
0;59100;AMETHYSTS;9998;7;9996;1;9995;20;10004;1;10005;20;;;10001.0;920.0
0;59100;STARFRUIT;5038;1;5037;20;;;5044;21;;;;;5041.0;-1540.9140625
0;59200;AMETHYSTS;10002;1;9996;2;9995;23;10004;2;10005;23;;;10003.0;920.0
0;59200;STARFRUIT;5042;10;5038;10;5037;23;5044;25;;;;;5043.0;-1541.87109375
0;59300;AMETHYSTS;9998;5;9995;22;;;10005;22;;;;;10001.5;922.0
0;59300;STARFRUIT;5036;22;;;;;5044;22;;;;;5040.0;-1529.00048828125
0;59400;STARFRUIT;5036;23;;;;;5043;23;;;;;5039.5;-1528.74267578125
0;59400;AMETHYSTS;10002;1;9995;23;;;10005;23;;;;;10003.5;922.0
0;59500;AMETHYSTS;9996;2;9995;22;;;10004;2;10005;22;;;10000.0;924.0
0;59500;STARFRUIT;5037;2;5036;22;;;5043;2;5044;22;;;5040.0;-1528.998046875
0;59600;AMETHYSTS;10002;1;9996;1;9995;24;10004;1;10005;24;;;10003.0;924.0
0;59600;STARFRUIT;5037;25;;;;;5044;25;;;;;5040.5;-1529.37646484375
0;59700;AMETHYSTS;9996;1;9995;25;;;10004;1;10005;25;;;10000.0;926.0
0;59700;STARFRUIT;5044;1;5038;26;;;5045;26;;;;;5044.5;-1530.55126953125
0;59800;STARFRUIT;5038;24;;;;;5045;24;;;;;5041.5;-1545.896484375
0;59800;AMETHYSTS;9998;9;9996;2;9995;22;10004;2;10005;22;;;10001.0;926.0
0;59900;AMETHYSTS;9996;2;9995;23;;;10004;2;10005;23;;;10000.0;926.0
0;59900;STARFRUIT;5038;2;5037;23;;;5042;4;5044;25;;;5040.0;-1549.798828125
0;60000;AMETHYSTS;9996;1;9995;25;;;9998;3;10002;10;10004;1;9997.0;932.0
0;60000;STARFRUIT;5038;5;5037;26;;;5044;26;;;;;5041.0;-1546.79296875
0;60100;AMETHYSTS;9996;1;9995;27;;;10004;1;10005;27;;;10000.0;938.0
0;60100;STARFRUIT;5037;28;;;;;5044;28;;;;;5040.5;-1548.1328125
0;60200;STARFRUIT;5037;26;;;;;5044;26;;;;;5040.5;-1548.49609375
0;60200;AMETHYSTS;9996;1;9995;25;;;10004;1;10005;25;;;10000.0;938.0
0;60300;AMETHYSTS;9998;3;9996;1;9995;23;10004;1;10005;23;;;10001.0;938.0
0;60300;STARFRUIT;5037;24;;;;;5044;24;;;;;5040.5;-1548.84765625
0;60400;AMETHYSTS;9996;2;9995;22;;;9998;1;10004;2;10005;22;9997.0;938.0
0;60400;STARFRUIT;5037;24;;;;;5043;2;5044;22;;;5040.0;-1551.18359375
0;60500;AMETHYSTS;9995;25;;;;;10000;2;10005;25;;;9997.5;961.0
0;60500;STARFRUIT;5037;25;;;;;5040;2;5044;25;;;5038.5;-1551.37109375
0;60600;STARFRUIT;5037;21;;;;;5043;1;5044;21;;;5040.0;-1550.48046875
0;60600;AMETHYSTS;9996;1;9995;21;;;10004;1;10005;21;;;10000.0;961.0
0;60700;AMETHYSTS;9998;10;9995;24;;;10005;24;;;;;10001.5;994.0
0;60700;STARFRUIT;5042;9;5037;24;;;5044;24;;;;;5043.0;-1548.1953125
0;60800;AMETHYSTS;9996;2;9995;26;;;10004;2;10005;26;;;10000.0;994.0
0;60800;STARFRUIT;5043;1;5037;28;;;5044;28;;;;;5043.5;-1546.9296875
0;60900;STARFRUIT;5043;1;5037;29;;;5044;29;;;;;5043.5;-1588.328125
0;60900;AMETHYSTS;9998;10;9995;29;;;10005;29;;;;;10001.5;994.0
0;61000;AMETHYSTS;9996;1;9995;25;;;9998;1;10004;1;10005;25;9997.0;994.0
0;61000;STARFRUIT;5037;26;;;;;5044;26;;;;;5040.5;-1589.5390625
0;61100;AMETHYSTS;9996;2;9995;29;;;10004;2;10005;29;;;10000.0;996.0
0;61100;STARFRUIT;5037;31;;;;;5044;31;;;;;5040.5;-1598.796875
0;61200;AMETHYSTS;9998;1;9995;22;;;10005;22;;;;;10001.5;996.0
0;61200;STARFRUIT;5038;5;5037;22;;;5039;3;5044;22;;;5038.5;-1589.3125
0;61300;STARFRUIT;5036;27;;;;;5043;27;;;;;5039.5;-1684.984375
0;61300;AMETHYSTS;9995;27;;;;;10005;27;;;;;10000.0;996.0
0;61400;AMETHYSTS;9995;28;;;;;10005;28;;;;;10000.0;996.0
0;61400;STARFRUIT;5037;28;;;;;5044;28;;;;;5040.5;-1694.328125
0;61500;AMETHYSTS;9998;4;9995;22;;;10005;22;;;;;10001.5;996.0
0;61500;STARFRUIT;5042;1;5037;22;;;5044;22;;;;;5043.0;-1691.5703125
0;61600;AMETHYSTS;9996;1;9995;27;;;10004;1;10005;27;;;10000.0;996.0
0;61600;STARFRUIT;5037;28;;;;;5044;28;;;;;5040.5;-1797.2890625
0;61700;STARFRUIT;5037;23;;;;;5044;23;;;;;5040.5;-1794.859375
0;61700;AMETHYSTS;9996;2;9995;21;;;10004;2;10005;21;;;10000.0;996.0
0;61800;AMETHYSTS;9996;2;9995;24;;;10004;2;10005;24;;;10000.0;996.0
0;61800;STARFRUIT;5037;26;;;;;5038;1;5044;26;;;5037.5;-1797.296875
0;61900;AMETHYSTS;9995;28;;;;;10002;8;10005;28;;;9998.5;996.0
0;61900;STARFRUIT;5037;28;;;;;5044;28;;;;;5040.5;-1892.3671875
0;62000;AMETHYSTS;9995;24;;;;;10005;24;;;;;10000.0;996.0
0;62000;STARFRUIT;5037;24;;;;;5044;24;;;;;5040.5;-1867.380859375
0;62100;STARFRUIT;5037;27;;;;;5043;2;5044;25;;;5040.0;-1868.53515625
0;62100;AMETHYSTS;9996;2;9995;25;;;10002;3;10004;2;10005;25;9999.0;996.0
0;62200;AMETHYSTS;9998;9;9996;2;9995;22;10004;2;10005;22;;;10001.0;996.0
0;62200;STARFRUIT;5037;24;;;;;5042;1;5044;24;;;5039.5;-1867.130859375
0;62300;AMETHYSTS;9995;21;;;;;10005;21;;;;;10000.0;996.0
0;62300;STARFRUIT;5037;21;;;;;5044;21;;;;;5040.5;-1866.642578125
0;62400;AMETHYSTS;9995;24;;;;;10005;24;;;;;10000.0;996.0
0;62400;STARFRUIT;5037;24;;;;;5044;24;;;;;5040.5;-1866.5625
0;62500;STARFRUIT;5038;2;5037;25;;;5044;27;;;;;5041.0;-1866.498046875
0;62500;AMETHYSTS;9996;2;9995;25;;;10004;2;10005;25;;;10000.0;996.0
0;62600;AMETHYSTS;9998;6;9996;1;9995;21;10004;1;10005;21;;;10001.0;996.0
0;62600;STARFRUIT;5038;1;5037;21;;;5044;22;;;;;5041.0;-1866.4130859375
0;62700;AMETHYSTS;9998;3;9995;25;;;10005;25;;;;;10001.5;996.0
0;62700;STARFRUIT;5037;25;;;;;5044;25;;;;;5040.5;-1868.0126953125
0;62800;AMETHYSTS;9995;22;;;;;10005;22;;;;;10000.0;996.0
0;62800;STARFRUIT;5037;22;;;;;5044;22;;;;;5040.5;-1830.7421875
0;62900;STARFRUIT;5037;22;;;;;5043;2;5044;20;;;5040.0;-1825.78125
0;62900;AMETHYSTS;10002;11;9998;3;9996;2;10004;2;10005;20;;;10003.0;1000.0
0;63000;AMETHYSTS;9995;30;;;;;10005;30;;;;;10000.0;1022.0
0;63000;STARFRUIT;5037;30;;;;;5044;30;;;;;5040.5;-1832.1171875
0;63100;AMETHYSTS;9995;30;;;;;9998;1;10005;30;;;9996.5;1022.0
0;63100;STARFRUIT;5037;30;;;;;5044;30;;;;;5040.5;-1833.90625
0;63200;AMETHYSTS;9996;1;9995;24;;;10004;1;10005;24;;;10000.0;1024.0
0;63200;STARFRUIT;5038;25;;;;;5044;1;5045;24;;;5041.0;-1837.32421875
0;63300;STARFRUIT;5043;1;5038;30;;;5045;30;;;;;5044.0;-1839.5390625
0;63300;AMETHYSTS;10002;4;9995;30;;;10005;30;;;;;10003.5;1024.0
0;63400;AMETHYSTS;9996;2;9995;22;;;10004;2;10005;22;;;10000.0;1032.0
0;63400;STARFRUIT;5038;24;;;;;5044;2;5045;22;;;5041.0;-1891.61328125
0;63500;AMETHYSTS;9995;28;;;;;10005;28;;;;;10000.0;1032.0
0;63500;STARFRUIT;5038;3;5037;28;;;5044;28;;;;;5041.0;-1894.9453125
0;63600;AMETHYSTS;9995;22;;;;;10005;22;;;;;10000.0;1032.0
0;63600;STARFRUIT;5042;1;5037;22;;;5044;22;;;;;5043.0;-1897.69921875
0;63700;STARFRUIT;5037;21;;;;;5040;5;5042;7;5044;21;5038.5;-1897.67578125
0;63700;AMETHYSTS;9995;21;;;;;10000;5;10002;7;10005;21;9997.5;1032.0
0;63800;AMETHYSTS;9996;1;9995;27;;;9998;1;10004;1;10005;27;9997.0;1032.0
0;63800;STARFRUIT;5036;1;5035;27;;;5042;28;;;;;5039.0;-1900.0
0;63900;AMETHYSTS;9995;22;;;;;10000;2;10005;22;;;9997.5;1034.0
0;63900;STARFRUIT;5035;22;;;;;5039;2;5043;22;;;5037.0;-1900.0
0;64000;AMETHYSTS;9995;30;;;;;9998;11;10002;10;10005;30;9996.5;1034.0
0;64000;STARFRUIT;5036;2;5035;30;;;5042;30;;;;;5039.0;-1912.8828125
0;64100;STARFRUIT;5036;28;;;;;5041;4;5042;2;5043;26;5038.5;-1922.484375
0;64100;AMETHYSTS;9996;2;9995;26;;;10002;4;10004;2;10005;26;9999.0;1056.0
0;64200;AMETHYSTS;9996;2;9995;25;;;10004;2;10005;25;;;10000.0;1056.0
0;64200;STARFRUIT;5036;27;;;;;5043;27;;;;;5039.5;-1927.078125
0;64300;AMETHYSTS;9998;4;9996;2;9995;20;10004;2;10005;20;;;10001.0;1056.0
0;64300;STARFRUIT;5036;2;5035;22;;;5042;22;;;;;5039.0;-1914.9921875
0;64400;AMETHYSTS;9996;2;9995;27;;;10004;2;10005;27;;;10000.0;1056.0
0;64400;STARFRUIT;5036;4;5035;29;;;5042;29;;;;;5039.0;-1912.6171875
0;64500;STARFRUIT;5036;7;5035;22;;;5042;22;;;;;5039.0;-1911.5546875
0;64500;AMETHYSTS;9996;2;9995;20;;;10004;2;10005;20;;;10000.0;1056.0
0;64600;AMETHYSTS;9996;2;9995;27;;;10004;2;10005;27;;;10000.0;1056.0
0;64600;STARFRUIT;5036;2;5035;27;;;5042;29;;;;;5039.0;-1919.1875
0;64700;AMETHYSTS;10002;1;9996;1;9995;28;10004;1;10005;28;;;10003.0;1062.0
0;64700;STARFRUIT;5036;1;5035;28;;;5042;1;5043;28;;;5039.0;-1920.0078125
0;64800;AMETHYSTS;9996;1;9995;20;;;10004;1;10005;20;;;10000.0;1064.0
0;64800;STARFRUIT;5036;20;;;;;5042;1;5043;20;;;5039.0;-1923.7421875
0;64900;STARFRUIT;5036;2;5035;30;;;5042;32;;;;;5039.0;-1917.21875
0;64900;AMETHYSTS;9996;2;9995;30;;;9998;4;10002;10;10004;2;9997.0;1064.0
0;65000;AMETHYSTS;9996;1;9995;26;;;10002;5;10004;1;10005;26;9999.0;1066.0
0;65000;STARFRUIT;5041;1;5036;27;;;5042;1;5043;26;;;5041.5;-1921.3359375
0;65100;AMETHYSTS;9998;10;9996;1;9995;25;10004;1;10005;25;;;10001.0;1066.0
0;65100;STARFRUIT;5036;1;5035;25;;;5042;26;;;;;5039.0;-1917.9609375
0;65200;AMETHYSTS;9996;1;9995;28;;;10002;6;10004;1;10005;28;9999.0;1066.0
0;65200;STARFRUIT;5037;2;5036;29;;;5042;1;5043;28;;;5039.5;-1924.4453125
0;65300;STARFRUIT;5036;29;;;;;5041;1;5043;29;;;5038.5;-1923.4375
0;65300;AMETHYSTS;9995;29;;;;;10002;9;10005;29;;;9998.5;1066.0
0;65400;STARFRUIT;5035;21;;;;;5037;2;5042;21;;;5036.0;-1914.203125
0;65400;AMETHYSTS;9998;10;9995;21;;;10005;21;;;;;10001.5;1066.0
0;65500;AMETHYSTS;9995;20;;;;;10005;20;;;;;10000.0;1066.0
0;65500;STARFRUIT;5035;20;;;;;5042;20;;;;;5038.5;-1911.484375
0;65600;STARFRUIT;5036;6;5035;20;;;5042;20;;;;;5039.0;-1912.6640625
0;65600;AMETHYSTS;9998;3;9995;20;;;10005;20;;;;;10001.5;1066.0
0;65700;STARFRUIT;5035;24;;;;;5036;1;5043;24;;;5035.5;-1920.328125
0;65700;AMETHYSTS;9995;24;;;;;10005;24;;;;;10000.0;1066.0
0;65800;STARFRUIT;5037;1;5036;30;;;5043;30;;;;;5040.0;-1923.671875
0;65800;AMETHYSTS;10002;4;9995;30;;;10005;30;;;;;10003.5;1066.0
0;65900;AMETHYSTS;9996;2;9995;24;;;10004;2;10005;24;;;10000.0;1074.0
0;65900;STARFRUIT;5037;2;5036;24;;;5043;26;;;;;5040.0;-1935.546875
0;66000;STARFRUIT;5037;7;5036;24;;;5043;25;;;;;5040.0;-1934.890625
0;66000;AMETHYSTS;9996;1;9995;24;;;10004;1;10005;24;;;10000.0;1074.0
0;66100;STARFRUIT;5042;1;5037;25;;;5043;2;5044;23;;;5042.5;-1939.375
0;66100;AMETHYSTS;9996;2;9995;23;;;10004;2;10005;23;;;10000.0;1074.0
0;66200;STARFRUIT;5041;5;5037;23;;;5043;1;5044;22;;;5042.0;-1939.21875
0;66200;AMETHYSTS;10002;1;9996;1;9995;22;10004;1;10005;22;;;10003.0;1080.0
0;66300;AMETHYSTS;10000;3;9995;20;;;10002;5;10005;20;;;10001.0;1082.0
0;66300;STARFRUIT;5040;3;5037;20;;;5044;20;;;;;5042.0;-1992.8515625
0;66400;STARFRUIT;5037;2;5036;24;;;5043;26;;;;;5040.0;-1984.2109375
0;66400;AMETHYSTS;9996;2;9995;24;;;10004;2;10005;24;;;10000.0;1082.0
0;66500;STARFRUIT;5042;1;5037;31;;;5043;1;5044;30;;;5042.5;-1983.537109375
0;66500;AMETHYSTS;9996;1;9995;30;;;10004;1;10005;30;;;10000.0;1082.0
0;66600;STARFRUIT;5037;31;;;;;5044;31;;;;;5040.5;-1972.0
0;66600;AMETHYSTS;10002;3;9998;1;9996;2;10004;2;10005;29;;;10003.0;1082.0
0;66700;AMETHYSTS;9996;1;9995;25;;;10004;1;10005;25;;;10000.0;1088.0
0;66700;STARFRUIT;5038;5;5037;26;;;5044;26;;;;;5041.0;-1972.0
0;66800;STARFRUIT;5038;1;5037;25;;;5044;26;;;;;5041.0;-1972.0
0;66800;AMETHYSTS;9996;1;9995;25;;;10004;1;10005;25;;;10000.0;1088.0
0;66900;STARFRUIT;5037;3;5036;20;;;5043;20;;;;;5040.0;-1972.0
0;66900;AMETHYSTS;9995;20;;;;;10005;20;;;;;10000.0;1088.0
0;67000;STARFRUIT;5036;24;;;;;5042;2;5043;22;;;5039.0;-1972.0
0;67000;AMETHYSTS;9998;1;9996;2;9995;22;10004;2;10005;22;;;10001.0;1088.0
0;67100;AMETHYSTS;9996;1;9995;25;;;10004;1;10005;25;;;10000.0;1088.0
0;67100;STARFRUIT;5036;26;;;;;5043;26;;;;;5039.5;-1972.0
0;67200;STARFRUIT;5036;23;;;;;5041;6;5043;23;;;5038.5;-1972.0
0;67200;AMETHYSTS;9995;23;;;;;10005;23;;;;;10000.0;1088.0
0;67300;STARFRUIT;5038;1;5037;22;;;5043;1;5044;21;;;5040.5;-1972.0
0;67300;AMETHYSTS;9996;1;9995;21;;;10004;1;10005;21;;;10000.0;1088.0
0;67400;STARFRUIT;5038;8;5037;29;;;5044;29;;;;;5041.0;-1972.0
0;67400;AMETHYSTS;9996;1;9995;28;;;10004;1;10005;28;;;10000.0;1088.0
0;67500;AMETHYSTS;9995;22;;;;;10005;22;;;;;10000.0;1103.0
0;67500;STARFRUIT;5037;22;;;;;5044;22;;;;;5040.5;-1972.0
0;67600;STARFRUIT;5038;1;5037;25;;;5044;26;;;;;5041.0;-1972.0
0;67600;AMETHYSTS;9996;1;9995;25;;;10004;1;10005;25;;;10000.0;1103.0
0;67700;AMETHYSTS;9996;2;9995;21;;;10000;3;10004;2;10005;21;9998.0;1103.0
0;67700;STARFRUIT;5037;23;;;;;5040;3;5044;23;;;5038.5;-1972.0
0;67800;AMETHYSTS;9996;2;9995;30;;;10004;2;10005;30;;;10000.0;1103.0
0;67800;STARFRUIT;5038;6;5037;32;;;5044;32;;;;;5041.0;-1976.43359375
0;67900;AMETHYSTS;9995;26;;;;;10005;26;;;;;10000.0;1118.0
0;67900;STARFRUIT;5036;26;;;;;5043;26;;;;;5039.5;-1970.25
0;68000;STARFRUIT;5042;1;5036;25;;;5043;25;;;;;5042.5;-1969.19140625
0;68000;AMETHYSTS;9995;25;;;;;10002;5;10005;25;;;9998.5;1118.0
0;68100;AMETHYSTS;9996;1;9995;26;;;10002;8;10004;1;10005;26;9999.0;1118.0
0;68100;STARFRUIT;5037;7;5036;27;;;5042;1;5043;26;;;5039.5;-2038.171875
0;68200;AMETHYSTS;9996;1;9995;23;;;9998;1;10004;1;10005;23;9997.0;1118.0
0;68200;STARFRUIT;5036;1;5035;23;;;5042;24;;;;;5039.0;-2045.515625
0;68300;AMETHYSTS;9996;1;9995;25;;;10002;4;10004;1;10005;25;9999.0;1120.0
0;68300;STARFRUIT;5035;1;5034;25;;;5041;26;;;;;5038.0;-2065.203125
0;68400;STARFRUIT;5034;31;;;;;5041;31;;;;;5037.5;-2068.875
0;68400;AMETHYSTS;10002;1;9996;1;9995;30;10004;1;10005;30;;;10003.0;1120.0
0;68500;AMETHYSTS;9996;1;9995;22;;;10004;1;10005;22;;;10000.0;1122.0
0;68500;STARFRUIT;5035;1;5034;22;;;5039;5;5041;23;;;5037.0;-2062.515625
0;68600;AMETHYSTS;9995;27;;;;;9998;1;10005;27;;;9996.5;1125.0
0;68600;STARFRUIT;5034;27;;;;;5042;27;;;;;5038.0;-2062.0546875
0;68700;AMETHYSTS;9998;10;9996;2;9995;20;10004;2;10005;20;;;10001.0;1127.0
0;68700;STARFRUIT;5035;22;;;;;5041;2;5042;20;;;5038.0;-2060.53125
0;68800;STARFRUIT;5035;1;5034;30;;;5037;6;5041;1;5042;30;5036.0;-2062.1796875
0;68800;AMETHYSTS;9996;1;9995;30;;;10000;6;10002;1;10004;1;9998.0;1127.0
0;68900;AMETHYSTS;9998;3;9996;2;9995;23;10004;2;10005;23;;;10001.0;1127.0
0;68900;STARFRUIT;5035;25;;;;;5041;2;5042;23;;;5038.0;-2059.2421875
0;69000;AMETHYSTS;9996;1;9995;27;;;10004;1;10005;27;;;10000.0;1127.0
0;69000;STARFRUIT;5035;28;;;;;5041;1;5042;27;;;5038.0;-2060.7265625
0;69100;AMETHYSTS;9996;1;9995;25;;;10004;1;10005;25;;;10000.0;1127.0
0;69100;STARFRUIT;5036;1;5035;26;;;5041;1;5042;25;;;5038.5;-2061.1640625
0;69200;STARFRUIT;5035;21;;;;;5042;21;;;;;5038.5;-2057.1953125
0;69200;AMETHYSTS;9996;1;9995;20;;;10002;8;10004;1;10005;20;9999.0;1130.0
0;69300;AMETHYSTS;9996;1;9995;23;;;10004;1;10005;23;;;10000.0;1130.0
0;69300;STARFRUIT;5035;1;5034;23;;;5041;24;;;;;5038.0;-2065.359375
0;69400;AMETHYSTS;9995;22;;;;;10005;22;;;;;10000.0;1130.0
0;69400;STARFRUIT;5035;4;5034;22;;;5041;22;;;;;5038.0;-2077.984375
0;69500;AMETHYSTS;9996;1;9995;30;;;10002;8;10004;1;10005;30;9999.0;1130.0
0;69500;STARFRUIT;5034;2;5033;31;;;5039;1;5040;30;;;5036.5;-2096.40625
0;69600;STARFRUIT;5033;27;;;;;5040;27;;;;;5036.5;-2090.171875
0;69600;AMETHYSTS;9996;2;9995;25;;;10004;2;10005;25;;;10000.0;1130.0
0;69700;AMETHYSTS;10002;1;9996;2;9995;24;10004;2;10005;24;;;10003.0;1130.0
0;69700;STARFRUIT;5033;26;;;;;5040;26;;;;;5036.5;-2091.234375
0;69800;AMETHYSTS;9996;1;9995;22;;;10004;1;10005;22;;;10000.0;1132.0
0;69800;STARFRUIT;5034;22;;;;;5040;1;5041;22;;;5037.0;-2079.328125
0;69900;STARFRUIT;5034;26;;;;;5040;2;5041;24;;;5037.0;-2079.78125
0;69900;AMETHYSTS;10002;1;9998;10;9996;2;10004;2;10005;24;;;10003.0;1132.0
0;70000;AMETHYSTS;9996;2;9995;28;;;10004;2;10005;28;;;10000.0;1134.0
0;70000;STARFRUIT;5034;2;5033;28;;;5040;2;5041;28;;;5037.0;-2080.8203125
0;70100;AMETHYSTS;10002;1;9995;27;;;10005;27;;;;;10003.5;1134.0
0;70100;STARFRUIT;5033;27;;;;;5034;1;5040;27;;;5033.5;-2087.421875
0;70200;AMETHYSTS;9996;2;9995;28;;;10004;2;10005;28;;;10000.0;1136.0
0;70200;STARFRUIT;5033;30;;;;;5040;30;;;;;5036.5;-2085.7109375
0;70300;STARFRUIT;5034;5;5033;24;;;5040;25;;;;;5037.0;-2084.703125
0;70300;AMETHYSTS;9998;10;9996;1;9995;24;10004;1;10005;24;;;10001.0;1136.0
0;70400;AMETHYSTS;10002;13;9996;2;9995;29;10004;2;10005;29;;;10003.0;1139.0
0;70400;STARFRUIT;5034;31;;;;;5041;31;;;;;5037.5;-2073.296875
0;70500;AMETHYSTS;10002;1;9995;21;;;10005;21;;;;;10003.5;1165.0
0;70500;STARFRUIT;5034;21;;;;;5035;3;5041;21;;;5034.5;-2074.0546875
0;70600;AMETHYSTS;10002;1;10000;3;9996;1;10004;1;10005;22;;;10003.0;1167.0
0;70600;STARFRUIT;5036;2;5034;1;5033;22;5040;1;5041;22;;;5038.0;-2079.265625
0;70700;STARFRUIT;5033;27;;;;;5040;27;;;;;5036.5;-2086.359375
0;70700;AMETHYSTS;9995;27;;;;;10005;27;;;;;10000.0;1169.0
0;70800;AMETHYSTS;9996;2;9995;20;;;9998;5;10002;8;10004;2;9997.0;1173.0
0;70800;STARFRUIT;5033;22;;;;;5040;22;;;;;5036.5;-2088.640625
0;70900;AMETHYSTS;9995;21;;;;;10005;21;;;;;10000.0;1183.0
0;70900;STARFRUIT;5033;21;;;;;5034;1;5040;21;;;5033.5;-2084.328125
0;71000;AMETHYSTS;9996;2;9995;28;;;9998;3;10004;2;10005;28;9997.0;1183.0
0;71000;STARFRUIT;5034;2;5033;28;;;5038;1;5040;30;;;5036.0;-2196.03125
0;71100;STARFRUIT;5035;6;5034;30;;;5041;30;;;;;5038.0;-2205.5234375
0;71100;AMETHYSTS;9998;4;9995;30;;;10005;30;;;;;10001.5;1189.0
0;71200;AMETHYSTS;9996;1;9995;27;;;9998;1;10004;1;10005;27;9997.0;1193.0
0;71200;STARFRUIT;5035;1;5034;27;;;5041;28;;;;;5038.0;-2215.8671875
0;71300;AMETHYSTS;9996;2;9995;28;;;10004;2;10005;28;;;10000.0;1195.0
0;71300;STARFRUIT;5035;2;5034;28;;;5040;8;5041;2;5042;28;5037.5;-2218.875
0;71400;AMETHYSTS;10002;2;9996;2;9995;25;10004;2;10005;25;;;10003.0;1195.0
0;71400;STARFRUIT;5036;2;5035;25;;;5040;6;5042;27;;;5038.0;-2235.5234375
0;71500;STARFRUIT;5035;26;;;;;5040;5;5042;26;;;5037.5;-2233.71875
0;71500;AMETHYSTS;9995;26;;;;;10005;26;;;;;10000.0;1211.0
0;71600;AMETHYSTS;9998;7;9996;2;9995;29;10004;2;10005;29;;;10001.0;1211.0
0;71600;STARFRUIT;5035;31;;;;;5042;31;;;;;5038.5;-2234.2421875
0;71700;AMETHYSTS;9996;1;9995;25;;;9998;1;10004;1;10005;25;9997.0;1211.0
0;71700;STARFRUIT;5035;26;;;;;5042;26;;;;;5038.5;-2232.921875
0;71800;AMETHYSTS;9995;22;;;;;9998;1;10005;22;;;9996.5;1216.0
0;71800;STARFRUIT;5035;22;;;;;5042;22;;;;;5038.5;-2233.21875
0;71900;STARFRUIT;5036;30;;;;;5043;30;;;;;5039.5;-2244.15625
0;71900;AMETHYSTS;9996;2;9995;28;;;10004;2;10005;28;;;10000.0;1218.0
0;72000;AMETHYSTS;9998;2;9996;1;9995;23;10004;1;10005;23;;;10001.0;1218.0
0;72000;STARFRUIT;5036;24;;;;;5043;24;;;;;5039.5;-2244.046875
0;72100;AMETHYSTS;9996;2;9995;24;;;9998;1;10004;2;10005;24;9997.0;1218.0
0;72100;STARFRUIT;5035;26;;;;;5042;26;;;;;5038.5;-2231.0703125
0;72200;AMETHYSTS;9995;25;;;;;9998;1;10005;25;;;9996.5;1220.0
0;72200;STARFRUIT;5035;25;;;;;5042;25;;;;;5038.5;-2228.03125
0;72300;STARFRUIT;5036;1;5035;22;;;5040;3;5042;23;;;5038.0;-2232.390625
0;72300;AMETHYSTS;9996;1;9995;22;;;10004;1;10005;22;;;10000.0;1222.0
0;72400;AMETHYSTS;9995;25;;;;;10005;25;;;;;10000.0;1222.0
0;72400;STARFRUIT;5036;25;;;;;5043;25;;;;;5039.5;-2245.6875
0;72500;AMETHYSTS;10000;4;9996;2;9995;20;10004;2;10005;20;;;10002.0;1222.0
0;72500;STARFRUIT;5039;4;5037;2;5036;20;5043;22;;;;;5041.0;-2252.9140625
0;72600;AMETHYSTS;9998;8;9995;28;;;10005;28;;;;;10001.5;1222.0
0;72600;STARFRUIT;5036;28;;;;;5043;28;;;;;5039.5;-2251.984375
0;72700;STARFRUIT;5036;28;;;;;5043;28;;;;;5039.5;-2240.359375
0;72700;AMETHYSTS;9995;28;;;;;10005;28;;;;;10000.0;1222.0
0;72800;AMETHYSTS;9996;2;9995;27;;;10004;2;10005;27;;;10000.0;1222.0
0;72800;STARFRUIT;5036;29;;;;;5037;8;5043;29;;;5036.5;-2244.96875
0;72900;AMETHYSTS;9996;1;9995;22;;;10002;4;10004;1;10005;22;9999.0;1222.0
0;72900;STARFRUIT;5037;2;5036;23;;;5043;23;;;;;5040.0;-2245.921875
0;73000;AMETHYSTS;9995;21;;;;;10005;21;;;;;10000.0;1222.0
0;73000;STARFRUIT;5036;21;;;;;5041;8;5043;21;;;5038.5;-2256.765625
0;73100;STARFRUIT;5037;28;;;;;5042;3;5043;1;5044;27;5039.5;-2261.8828125
0;73100;AMETHYSTS;9996;1;9995;27;;;10002;7;10004;1;10005;27;9999.0;1222.0
0;73200;AMETHYSTS;9996;1;9995;23;;;10002;7;10004;1;10005;23;9999.0;1222.0
0;73200;STARFRUIT;5037;24;;;;;5044;24;;;;;5040.5;-2268.5234375
0;73300;AMETHYSTS;9996;2;9995;23;;;10004;2;10005;23;;;10000.0;1222.0
0;73300;STARFRUIT;5037;25;;;;;5044;25;;;;;5040.5;-2274.34375
0;73400;AMETHYSTS;9995;30;;;;;10002;6;10005;30;;;9998.5;1222.0
0;73400;STARFRUIT;5038;30;;;;;5045;30;;;;;5041.5;-2280.453125
0;73500;STARFRUIT;5038;25;;;;;5044;1;5045;24;;;5041.0;-2282.828125
0;73500;AMETHYSTS;9998;6;9996;1;9995;24;10004;1;10005;24;;;10001.0;1222.0
0;73600;AMETHYSTS;9995;30;;;;;9998;1;10005;30;;;9996.5;1222.0
0;73600;STARFRUIT;5038;30;;;;;5045;30;;;;;5041.5;-2284.7421875
0;73700;AMETHYSTS;10002;4;9995;25;;;10005;25;;;;;10003.5;1232.0
0;73700;STARFRUIT;5038;25;;;;;5045;25;;;;;5041.5;-2280.4921875
0;73800;AMETHYSTS;9998;1;9996;1;9995;21;10004;1;10005;21;;;10001.0;1240.0
0;73800;STARFRUIT;5038;22;;;;;5045;22;;;;;5041.5;-2283.96875
0;73900;STARFRUIT;5038;27;;;;;5046;27;;;;;5042.0;-2293.0625
0;73900;AMETHYSTS;9995;27;;;;;10005;27;;;;;10000.0;1240.0
0;74000;AMETHYSTS;10000;5;9996;2;9995;27;10004;2;10005;27;;;10002.0;1248.0
0;74000;STARFRUIT;5041;6;5039;7;5038;29;5045;29;;;;;5043.0;-2280.171875
0;74100;AMETHYSTS;9998;5;9996;1;9995;23;10004;1;10005;23;;;10001.0;1248.0
0;74100;STARFRUIT;5042;3;5038;24;;;5045;24;;;;;5043.5;-2276.640625
0;74200;STARFRUIT;5038;31;;;;;5043;7;5045;31;;;5040.5;-2323.234375
0;74200;AMETHYSTS;9996;1;9995;30;;;10002;1;10004;1;10005;30;9999.0;1248.0
0;74300;STARFRUIT;5039;1;5038;26;;;5043;3;5045;27;;;5041.0;-2317.87109375
0;74300;AMETHYSTS;9998;6;9996;1;9995;26;10004;1;10005;26;;;10001.0;1250.0
0;74400;STARFRUIT;5039;23;;;;;5046;23;;;;;5042.5;-2313.609375
0;74400;AMETHYSTS;9996;2;9995;21;;;10004;2;10005;21;;;10000.0;1253.0
0;74500;AMETHYSTS;9996;2;9995;24;;;10004;2;10005;24;;;10000.0;1253.0
0;74500;STARFRUIT;5044;1;5043;3;5039;26;5046;26;;;;;5045.0;-2314.68359375
0;74600;STARFRUIT;5040;1;5039;29;;;5046;29;;;;;5043.0;-2331.28125
0;74600;AMETHYSTS;9996;2;9995;27;;;9998;2;10004;2;10005;27;9997.0;1253.0
0;74700;STARFRUIT;5039;27;;;;;5046;27;;;;;5042.5;-2329.671875
0;74700;AMETHYSTS;9996;1;9995;26;;;10004;1;10005;26;;;10000.0;1257.0
0;74800;STARFRUIT;5039;3;5038;24;;;5045;26;;;;;5042.0;-2336.625
0;74800;AMETHYSTS;9996;2;9995;24;;;10004;2;10005;24;;;10000.0;1257.0
0;74900;AMETHYSTS;9996;1;9995;27;;;10004;1;10005;27;;;10000.0;1257.0
0;74900;STARFRUIT;5039;1;5038;27;;;5045;1;5046;27;;;5042.0;-2336.4609375
0;75000;STARFRUIT;5039;1;5038;21;;;5045;22;;;;;5042.0;-2337.8828125
0;75000;AMETHYSTS;9996;1;9995;21;;;9998;4;10004;1;10005;21;9997.0;1257.0
